<collection xmlns="http://www.loc.gov/MARC21/slim">
<record>
  <leader>01961cam a2200457 a 4500</leader>
  <controlfield tag="001">REROILS:43</controlfield>
  <controlfield tag="005">20180701160000.0</controlfield>
  <controlfield tag="008">000923m19879999sz |||||| ||||00|  |fre d</controlfield>
  <datafield tag="019" ind1=" " ind2=" ">
    <subfield code="a">!!!&quot;Bibliographie du droit suisse&quot;!!!</subfield>
    <subfield code="9">22.09.1987/ev</subfield>
  </datafield>
  <datafield tag="035" ind1=" " ind2=" ">
    <subfield code="a">0812781</subfield>
  </datafield>
  <datafield tag="039" ind1=" " ind2=" ">
    <subfield code="b">1008</subfield>
    <subfield code="b">9834f</subfield>
    <subfield code="b">7552</subfield>
  </datafield>
  <datafield tag="039" ind1=" " ind2="9">
    <subfield code="a">201807011600</subfield>
    <subfield code="b">VLOAD</subfield>
    <subfield code="c">201804191026</subfield>
    <subfield code="d">VLOAD</subfield>
    <subfield code="c">201709252119</subfield>
    <subfield code="d">VLOAD</subfield>
    <subfield code="c">201706101514</subfield>
    <subfield code="d">VLOAD</subfield>
    <subfield code="y">1999022804570000</subfield>
    <subfield code="z">load</subfield>
  </datafield>
  <datafield tag="040" ind1=" " ind2=" ">
    <subfield code="a">RERO neubfd</subfield>
  </datafield>
  <datafield tag="041" ind1="1" ind2=" ">
    <subfield code="a">fre</subfield>
    <subfield code="h">ger</subfield>
  </datafield>
  <datafield tag="072" ind1=" " ind2="7">
    <subfield code="a">s1dr</subfield>
    <subfield code="2">rero</subfield>
  </datafield>
  <datafield tag="245" ind1="0" ind2="3">
    <subfield code="a">La norme S.I.A. 118 et l&apos;actualité juridique en matière de construction :</subfield>
    <subfield code="b">un ouvrage pratique pour tous les entrepreneurs en rapport avec la construction, avec études de cas, check-lists, exemples de contrats et de lettres relatifs au contrat d&apos;entreprise /</subfield>
    <subfield code="c">[éd.] Hans E. Bachmann ; trad. Henri Perrin</subfield>
  </datafield>
  <datafield tag="264" ind1=" " ind2="1">
    <subfield code="a">Zürich :</subfield>
    <subfield code="b">Ed. Weka,</subfield>
    <subfield code="c">1987-&gt;</subfield>
  </datafield>
  <datafield tag="300" ind1=" " ind2=" ">
    <subfield code="a">8 classeurs :</subfield>
    <subfield code="b">ill. ;</subfield>
    <subfield code="c">23 cm</subfield>
  </datafield>
  <datafield tag="336" ind1=" " ind2=" ">
    <subfield code="b">txt</subfield>
    <subfield code="2">rdacontent</subfield>
  </datafield>
  <datafield tag="337" ind1=" " ind2=" ">
    <subfield code="b">n</subfield>
    <subfield code="2">rdamedia</subfield>
  </datafield>
  <datafield tag="338" ind1=" " ind2=" ">
    <subfield code="b">nc</subfield>
    <subfield code="2">rdacarrier</subfield>
  </datafield>
  <datafield tag="500" ind1=" " ind2=" ">
    <subfield code="a">Publication à feuillets mobiles avec mises à jour périodiques</subfield>
  </datafield>
  <datafield tag="650" ind1=" " ind2="7">
    <subfield code="0">(RERO)A010188092</subfield>
    <subfield code="a">contrat de construction</subfield>
    <subfield code="2">rerovoc</subfield>
  </datafield>
  <datafield tag="651" ind1=" " ind2="7">
    <subfield code="0">(RERO)A010021522</subfield>
    <subfield code="a">Suisse</subfield>
    <subfield code="2">rero</subfield>
  </datafield>
  <datafield tag="700" ind1="1" ind2=" ">
    <subfield code="0">(RERO)A002958018</subfield>
    <subfield code="a">Bachmann, Hans Emil</subfield>
  </datafield>
  <datafield tag="700" ind1="1" ind2=" ">
    <subfield code="0">(RERO)A003683610</subfield>
    <subfield code="a">Perrin, Henri</subfield>
  </datafield>
  <datafield tag="730" ind1="3" ind2=" ">
    <subfield code="a">La norme SIA 118 et l&apos;actualité juridique en matière de construction</subfield>
  </datafield>
  <datafield tag="900" ind1=" " ind2=" ">
    <subfield code="a">bds87</subfield>
    <subfield code="n">87/372</subfield>
    <subfield code="n">87/1030</subfield>
  </datafield>
  <datafield tag="919" ind1=" " ind2=" ">
    <subfield code="9">650 _7</subfield>
    <subfield code="a">contrat de construction</subfield>
    <subfield code="z">Suisse</subfield>
    <subfield code="2">chrero</subfield>
  </datafield>
  <datafield tag="957" ind1=" " ind2=" ">
    <subfield code="a">geubfd</subfield>
  </datafield>
  <datafield tag="962" ind1=" " ind2=" ">
    <subfield code="a">neubfd</subfield>
  </datafield>
  <datafield tag="973" ind1=" " ind2=" ">
    <subfield code="a">vsbcvs vstcvs</subfield>
  </datafield>
  <datafield tag="980" ind1=" " ind2=" ">
    <subfield code="2">dr-sys</subfield>
    <subfield code="a">CA/CH 47 g</subfield>
  </datafield>
  <datafield tag="980" ind1=" " ind2=" ">
    <subfield code="2">dr-sys</subfield>
    <subfield code="a">CA/CH 73.4 h</subfield>
  </datafield>
  <datafield tag="982" ind1=" " ind2=" ">
    <subfield code="2">dr-geubfd</subfield>
    <subfield code="a">CA/CH 47 g NOS/FR</subfield>
  </datafield>
  <datafield tag="984" ind1=" " ind2=" ">
    <subfield code="2">dr-neubfd</subfield>
    <subfield code="a">CA/CH 47 g NOS/FR 1992</subfield>
  </datafield>
  <datafield tag="986" ind1=" " ind2=" ">
    <subfield code="2">dr-vs</subfield>
    <subfield code="a">CA/CH 47 g NOS/FR</subfield>
  </datafield>
  <datafield tag="992" ind1=" " ind2=" ">
    <subfield code="a">BFDA 11714</subfield>
    <subfield code="x">ge/ubfd/a/88/5</subfield>
  </datafield>
  <datafield tag="992" ind1=" " ind2=" ">
    <subfield code="a">BFDA 11714</subfield>
    <subfield code="x">ge/ubfd/a/87/398</subfield>
  </datafield>
  <datafield tag="996" ind1=" " ind2=" ">
    <subfield code="a">TCVS 251/2</subfield>
    <subfield code="c">CA/CH 47 g NOS/FR</subfield>
    <subfield code="l">[Vol. 2.]</subfield>
    <subfield code="x">vs/tcvs/a</subfield>
  </datafield>
  <datafield tag="996" ind1=" " ind2=" ">
    <subfield code="a">TCVS 251/1</subfield>
    <subfield code="c">CA/CH 47 g NOS/FR</subfield>
    <subfield code="l">[Vol. 1.]</subfield>
    <subfield code="x">vs/tcvs/a</subfield>
  </datafield>
</record>