
<record>
  <leader>01894nam a2200517 a 4500</leader>
  <controlfield tag="001">REROILS:50</controlfield>
  <controlfield tag="005">20180419103300.0</controlfield>
  <controlfield tag="008">000714s1987    sz |||||| ||||00|| |ger d</controlfield>
  <datafield tag="019" ind1=" " ind2=" ">
    <subfield code="a">!!!&quot;Bibliographie du droit suisse&quot;!!!</subfield>
    <subfield code="9">22.09.1987/ev</subfield>
  </datafield>
  <datafield tag="035" ind1=" " ind2=" ">
    <subfield code="a">0823464</subfield>
  </datafield>
  <datafield tag="039" ind1=" " ind2="9">
    <subfield code="a">201804191033</subfield>
    <subfield code="b">VLOAD</subfield>
    <subfield code="c">201706101530</subfield>
    <subfield code="d">VLOAD</subfield>
    <subfield code="c">201412021707</subfield>
    <subfield code="d">8079</subfield>
    <subfield code="c">201403280907</subfield>
    <subfield code="d">VLOAD</subfield>
    <subfield code="y">1999022805120000</subfield>
    <subfield code="z">load</subfield>
  </datafield>
  <datafield tag="040" ind1=" " ind2=" ">
    <subfield code="a">RERO neubfd</subfield>
  </datafield>
  <datafield tag="072" ind1=" " ind2="7">
    <subfield code="a">s1dr</subfield>
    <subfield code="2">rero</subfield>
  </datafield>
  <datafield tag="245" ind1="0" ind2="0">
    <subfield code="a">Bundesgerichtspraxis in Steuersachen.</subfield>
    <subfield code="n">Teil 1,</subfield>
    <subfield code="p">1875-1960</subfield>
  </datafield>
  <datafield tag="264" ind1=" " ind2="1">
    <subfield code="a">Beckenried :</subfield>
    <subfield code="b">LIfA-Verlag,</subfield>
    <subfield code="c">[1987]</subfield>
  </datafield>
  <datafield tag="264" ind1=" " ind2="4">
    <subfield code="c">© 1987</subfield>
  </datafield>
  <datafield tag="300" ind1=" " ind2=" ">
    <subfield code="a">XV, 814 S. ;</subfield>
    <subfield code="c">23 cm</subfield>
  </datafield>
  <datafield tag="336" ind1=" " ind2=" ">
    <subfield code="b">txt</subfield>
    <subfield code="2">rdacontent</subfield>
  </datafield>
  <datafield tag="337" ind1=" " ind2=" ">
    <subfield code="b">n</subfield>
    <subfield code="2">rdamedia</subfield>
  </datafield>
  <datafield tag="338" ind1=" " ind2=" ">
    <subfield code="b">nc</subfield>
    <subfield code="2">rdacarrier</subfield>
  </datafield>
  <datafield tag="490" ind1="1" ind2=" ">
    <subfield code="a">Bibliographie des schweizerischen Steuerrechts / Arthur Glanzmann</subfield>
    <subfield code="v">Bd. 3,1</subfield>
  </datafield>
  <datafield tag="650" ind1=" " ind2="7">
    <subfield code="0">(RERO)A021008650</subfield>
    <subfield code="a">Droit fiscal</subfield>
    <subfield code="2">rero</subfield>
  </datafield>
  <datafield tag="650" ind1=" " ind2="7">
    <subfield code="a">1875-1960</subfield>
    <subfield code="2">rero</subfield>
  </datafield>
  <datafield tag="651" ind1=" " ind2="7">
    <subfield code="0">(RERO)A010021522</subfield>
    <subfield code="a">Suisse</subfield>
    <subfield code="2">rero</subfield>
  </datafield>
  <datafield tag="655" ind1=" " ind2="7">
    <subfield code="0">(RERO)A021065131</subfield>
    <subfield code="a">[Bibliographie]</subfield>
    <subfield code="2">rero</subfield>
  </datafield>
  <datafield tag="800" ind1="1" ind2=" ">
    <subfield code="0">(RERO)A003300783</subfield>
    <subfield code="a">Glanzmann, Arthur. -</subfield>
    <subfield code="t">Bibliographie des schweizerischen Steuerrechts</subfield>
    <subfield code="v">3,1</subfield>
  </datafield>
  <datafield tag="830" ind1=" " ind2="0">
    <subfield code="a">Bundesgerichtspraxis in Steuersachen</subfield>
    <subfield code="v">1</subfield>
  </datafield>
  <datafield tag="900" ind1=" " ind2=" ">
    <subfield code="a">bds87</subfield>
    <subfield code="n">87/441</subfield>
  </datafield>
  <datafield tag="919" ind1=" " ind2=" ">
    <subfield code="9">650 _7</subfield>
    <subfield code="a">droit fiscal</subfield>
    <subfield code="z">Suisse</subfield>
    <subfield code="y">1875 / 1960</subfield>
    <subfield code="v">[bibliographie]</subfield>
    <subfield code="2">chrero</subfield>
  </datafield>
  <datafield tag="953" ind1=" " ind2=" ">
    <subfield code="a">ifisdc</subfield>
  </datafield>
  <datafield tag="956" ind1=" " ind2=" ">
    <subfield code="a">frbcuc frvtcf</subfield>
  </datafield>
  <datafield tag="957" ind1=" " ind2=" ">
    <subfield code="a">geubfd</subfield>
  </datafield>
  <datafield tag="960" ind1=" " ind2=" ">
    <subfield code="a">jutc--</subfield>
  </datafield>
  <datafield tag="962" ind1=" " ind2=" ">
    <subfield code="a">netcne neubfd</subfield>
  </datafield>
  <datafield tag="973" ind1=" " ind2=" ">
    <subfield code="a">vsbcvs vstcvs</subfield>
  </datafield>
  <datafield tag="980" ind1=" " ind2=" ">
    <subfield code="2">dr-sys</subfield>
    <subfield code="a">CA/CH 54 a</subfield>
  </datafield>
  <datafield tag="981" ind1=" " ind2=" ">
    <subfield code="2">FSES</subfield>
    <subfield code="a">XK</subfield>
  </datafield>
  <datafield tag="981" ind1=" " ind2=" ">
    <subfield code="0">(RERO)0A003617079</subfield>
    <subfield code="2">CDU</subfield>
    <subfield code="a">(016):34</subfield>
  </datafield>
  <datafield tag="982" ind1=" " ind2=" ">
    <subfield code="2">dr-geubfd</subfield>
    <subfield code="a">CA/CH 54 a GLAN 1985</subfield>
  </datafield>
  <datafield tag="983" ind1=" " ind2=" ">
    <subfield code="2">isdc</subfield>
    <subfield code="a">CA/CH 54 a GLAN 1985</subfield>
  </datafield>
  <datafield tag="984" ind1=" " ind2=" ">
    <subfield code="2">dr-netcne</subfield>
    <subfield code="a">CA/CH 54 a GLAN 1985/1987</subfield>
  </datafield>
  <datafield tag="984" ind1=" " ind2=" ">
    <subfield code="2">dr-neubfd</subfield>
    <subfield code="a">CA/CH 54 a GLAN</subfield>
  </datafield>
  <datafield tag="986" ind1=" " ind2=" ">
    <subfield code="2">dr-vs</subfield>
    <subfield code="a">CA/CH 54 a GLAN 1985/87</subfield>
  </datafield>
  <datafield tag="992" ind1=" " ind2=" ">
    <subfield code="a">BFDA 4975/3/1</subfield>
    <subfield code="x">ge/ubfd/a/87/608</subfield>
  </datafield>
  <datafield tag="993" ind1=" " ind2=" ">
    <subfield code="a">ISDC 29630/3/1</subfield>
    <subfield code="x">la/isdc/a/187143</subfield>
  </datafield>
  <datafield tag="996" ind1=" " ind2=" ">
    <subfield code="a">TCVS 3697</subfield>
    <subfield code="c">CA/CH 54 a GLAN 1985/87</subfield>
    <subfield code="x">vs/tcvs/a</subfield>
  </datafield>
</record>