
<record>
  <leader>00576nas a2200205 a 4500</leader>
  <controlfield tag="001">REROILS:51</controlfield>
  <controlfield tag="005">20170517135900.0</controlfield>
  <controlfield tag="008">911011c1974    gw |||m|| ||||0 || 0ger d</controlfield>
  <datafield tag="035" ind1=" " ind2=" ">
    <subfield code="a">1438697</subfield>
  </datafield>
  <datafield tag="039" ind1=" " ind2="9">
    <subfield code="a">201705171359</subfield>
    <subfield code="b">VLOAD</subfield>
    <subfield code="c">200605280419</subfield>
    <subfield code="d">VLOAD</subfield>
    <subfield code="y">1999022819360000</subfield>
    <subfield code="z">load</subfield>
  </datafield>
  <datafield tag="040" ind1=" " ind2=" ">
    <subfield code="a">RERO lascl-</subfield>
  </datafield>
  <datafield tag="072" ind1=" " ind2="7">
    <subfield code="a">s1me</subfield>
    <subfield code="2">rero</subfield>
  </datafield>
  <datafield tag="072" ind1=" " ind2="7">
    <subfield code="a">s2ss</subfield>
    <subfield code="2">rero</subfield>
  </datafield>
  <datafield tag="245" ind1="0" ind2="0">
    <subfield code="a">Medizin und Sozialwissenschaften</subfield>
  </datafield>
  <datafield tag="264" ind1=" " ind2="1">
    <subfield code="a">München ;</subfield>
    <subfield code="a">Berlin [etc.] :</subfield>
    <subfield code="b">Urban &amp; Schwarzenberg,</subfield>
    <subfield code="c">1974-&gt;</subfield>
  </datafield>
  <datafield tag="300" ind1=" " ind2=" ">
    <subfield code="c">23 cm</subfield>
  </datafield>
  <datafield tag="336" ind1=" " ind2=" ">
    <subfield code="b">txt</subfield>
    <subfield code="2">rdacontent</subfield>
  </datafield>
  <datafield tag="337" ind1=" " ind2=" ">
    <subfield code="b">n</subfield>
    <subfield code="2">rdamedia</subfield>
  </datafield>
  <datafield tag="338" ind1=" " ind2=" ">
    <subfield code="b">nc</subfield>
    <subfield code="2">rdacarrier</subfield>
  </datafield>
  <datafield tag="362" ind1="0" ind2=" ">
    <subfield code="a">1-&gt;</subfield>
  </datafield>
</record>