
<record>
  <leader>01199nam a2200325 a 4500</leader>
  <controlfield tag="001">REROILS:55</controlfield>
  <controlfield tag="005">20170611113700.0</controlfield>
  <controlfield tag="008">000916s2000    xxc||| |  ||||00|  |fre d</controlfield>
  <datafield tag="020" ind1=" " ind2=" ">
    <subfield code="a">9782760623484</subfield>
  </datafield>
  <datafield tag="035" ind1=" " ind2=" ">
    <subfield code="a">R268362460</subfield>
  </datafield>
  <datafield tag="039" ind1=" " ind2=" ">
    <subfield code="b">3307</subfield>
    <subfield code="b">3306i</subfield>
  </datafield>
  <datafield tag="039" ind1=" " ind2="9">
    <subfield code="a">201706111137</subfield>
    <subfield code="b">VLOAD</subfield>
    <subfield code="c">201509281616</subfield>
    <subfield code="d">0007</subfield>
    <subfield code="c">200812211904</subfield>
    <subfield code="d">VLOAD</subfield>
    <subfield code="c">200406160654</subfield>
    <subfield code="d">VLOAD</subfield>
    <subfield code="y">200009161440</subfield>
    <subfield code="z">VLOAD</subfield>
  </datafield>
  <datafield tag="040" ind1=" " ind2=" ">
    <subfield code="a">RERO nebpun</subfield>
  </datafield>
  <datafield tag="072" ind1=" " ind2="7">
    <subfield code="a">s1lc</subfield>
    <subfield code="2">rero</subfield>
  </datafield>
  <datafield tag="245" ind1="0" ind2="3">
    <subfield code="a">Le sens (du) commun :</subfield>
    <subfield code="b">histoire, théorie et lecture de la topique /</subfield>
    <subfield code="c">présentation: Éric Méchoulan</subfield>
  </datafield>
  <datafield tag="264" ind1=" " ind2="1">
    <subfield code="a">Montréal :</subfield>
    <subfield code="b">Les Presses de l&apos;Université de Montréal,</subfield>
    <subfield code="c">2000</subfield>
  </datafield>
  <datafield tag="300" ind1=" " ind2=" ">
    <subfield code="a">197 p. ;</subfield>
    <subfield code="c">22 cm</subfield>
  </datafield>
  <datafield tag="336" ind1=" " ind2=" ">
    <subfield code="b">txt</subfield>
    <subfield code="2">rdacontent</subfield>
  </datafield>
  <datafield tag="337" ind1=" " ind2=" ">
    <subfield code="b">n</subfield>
    <subfield code="2">rdamedia</subfield>
  </datafield>
  <datafield tag="338" ind1=" " ind2=" ">
    <subfield code="b">nc</subfield>
    <subfield code="2">rdacarrier</subfield>
  </datafield>
  <datafield tag="490" ind1="1" ind2=" ">
    <subfield code="a">Etudes françaises</subfield>
    <subfield code="v">36, 1</subfield>
  </datafield>
  <datafield tag="650" ind1=" " ind2="7">
    <subfield code="0">(RERO)A010033600</subfield>
    <subfield code="a">topique (philosophie)</subfield>
    <subfield code="2">rerovoc</subfield>
  </datafield>
  <datafield tag="655" ind1=" " ind2="7">
    <subfield code="0">(RERO)A022249905</subfield>
    <subfield code="a">[Études diverses]</subfield>
    <subfield code="2">rero</subfield>
  </datafield>
  <datafield tag="700" ind1="1" ind2=" ">
    <subfield code="0">(RERO)A005972232</subfield>
    <subfield code="a">Méchoulan, Eric</subfield>
  </datafield>
  <datafield tag="830" ind1=" " ind2="0">
    <subfield code="a">Etudes françaises.</subfield>
    <subfield code="p">Presses de l&apos;Université de Montréal</subfield>
    <subfield code="v">36,1</subfield>
  </datafield>
  <datafield tag="904" ind1=" " ind2=" ">
    <subfield code="a">bpunfar</subfield>
    <subfield code="b">2004</subfield>
    <subfield code="c">6</subfield>
  </datafield>
  <datafield tag="919" ind1=" " ind2=" ">
    <subfield code="9">650 _7</subfield>
    <subfield code="a">topique (philosophie)</subfield>
    <subfield code="v">[études diverses]</subfield>
    <subfield code="2">chrero</subfield>
  </datafield>
  <datafield tag="956" ind1=" " ind2=" ">
    <subfield code="a">frbcuc</subfield>
  </datafield>
  <datafield tag="962" ind1=" " ind2=" ">
    <subfield code="a">nebpun</subfield>
  </datafield>
  <datafield tag="994" ind1=" " ind2=" ">
    <subfield code="a">PU 581/36/1</subfield>
    <subfield code="x">ne/bpun/a</subfield>
  </datafield>
</record>