
<record>
  <leader>01299nam a2200349 a 4500</leader>
  <controlfield tag="001">REROILS:56</controlfield>
  <controlfield tag="005">20171221152800.0</controlfield>
  <controlfield tag="008">100928s2010    gw ||| |  ||||00|  |ger d</controlfield>
  <datafield tag="024" ind1="7" ind2=" ">
    <subfield code="a">http://catalogue.bnf.fr/ark:/12148/cb43409035d</subfield>
    <subfield code="2">uri</subfield>
  </datafield>
  <datafield tag="035" ind1=" " ind2=" ">
    <subfield code="a">R005662311</subfield>
  </datafield>
  <datafield tag="039" ind1=" " ind2="9">
    <subfield code="a">201712211528</subfield>
    <subfield code="b">1102</subfield>
    <subfield code="c">201705300738</subfield>
    <subfield code="d">VLOAD</subfield>
    <subfield code="c">201609021324</subfield>
    <subfield code="d">1401</subfield>
    <subfield code="c">201605151352</subfield>
    <subfield code="d">VLOAD</subfield>
    <subfield code="y">201009280856</subfield>
    <subfield code="z">1112</subfield>
  </datafield>
  <datafield tag="040" ind1=" " ind2=" ">
    <subfield code="a">GyFmDB</subfield>
    <subfield code="d">RERO vsbcvb</subfield>
  </datafield>
  <datafield tag="072" ind1=" " ind2="7">
    <subfield code="a">s1al</subfield>
    <subfield code="2">rero</subfield>
  </datafield>
  <datafield tag="100" ind1="1" ind2=" ">
    <subfield code="0">(RERO)A018328749</subfield>
    <subfield code="a">Nesch, Thorsten</subfield>
    <subfield code="4">cre</subfield>
  </datafield>
  <datafield tag="245" ind1="1" ind2="0">
    <subfield code="a">Joyride Ost :</subfield>
    <subfield code="b">ein Roadmovie-Roman /</subfield>
    <subfield code="c">Thorsten Nesch</subfield>
  </datafield>
  <datafield tag="250" ind1=" " ind2=" ">
    <subfield code="a">Orig.-Ausg.</subfield>
  </datafield>
  <datafield tag="264" ind1=" " ind2="1">
    <subfield code="a">Reinbek bei Hamburg :</subfield>
    <subfield code="b">Rowohlt-Taschenbuch-Verl.,</subfield>
    <subfield code="c">2010</subfield>
  </datafield>
  <datafield tag="300" ind1=" " ind2=" ">
    <subfield code="a">149 S. ;</subfield>
    <subfield code="c">19 cm</subfield>
  </datafield>
  <datafield tag="336" ind1=" " ind2=" ">
    <subfield code="b">txt</subfield>
    <subfield code="2">rdacontent</subfield>
  </datafield>
  <datafield tag="337" ind1=" " ind2=" ">
    <subfield code="b">n</subfield>
    <subfield code="2">rdamedia</subfield>
  </datafield>
  <datafield tag="338" ind1=" " ind2=" ">
    <subfield code="b">nc</subfield>
    <subfield code="2">rdacarrier</subfield>
  </datafield>
  <datafield tag="490" ind1="1" ind2=" ">
    <subfield code="a">Rororo</subfield>
    <subfield code="v">21531 : rororo Rotfuchs</subfield>
  </datafield>
  <datafield tag="520" ind1="8" ind2=" ">
    <subfield code="a">Klassenlektüre</subfield>
    <subfield code="9">vsbcvb/02.2014</subfield>
  </datafield>
  <datafield tag="521" ind1=" " ind2=" ">
    <subfield code="a">Jugendliche (12-15 Jahre)</subfield>
    <subfield code="9">vsbcvb/12.2010</subfield>
    <subfield code="9">rero/05.2014</subfield>
  </datafield>
  <datafield tag="521" ind1=" " ind2=" ">
    <subfield code="a">Jugendliche (15-18 Jahre)</subfield>
    <subfield code="9">vsbcvb/12.2010</subfield>
    <subfield code="9">rero/05.2014</subfield>
  </datafield>
  <datafield tag="521" ind1=" " ind2=" ">
    <subfield code="a">Orientierungsschule (7.-9. Kl.)</subfield>
    <subfield code="9">vsbrod/04.2015</subfield>
  </datafield>
  <datafield tag="830" ind1=" " ind2="0">
    <subfield code="a">Rororo</subfield>
    <subfield code="v">21531</subfield>
  </datafield>
  <datafield tag="856" ind1="4" ind2="2">
    <subfield code="3">Klassenlektüre</subfield>
    <subfield code="u">http://www.bibliomedia.ch/de</subfield>
    <subfield code="z">Bestellung für Lehrpersonen möglich</subfield>
  </datafield>
  <datafield tag="906" ind1=" " ind2=" ">
    <subfield code="a">brod</subfield>
  </datafield>
  <datafield tag="906" ind1=" " ind2=" ">
    <subfield code="a">bcvs</subfield>
    <subfield code="b">2011/05</subfield>
    <subfield code="c">24</subfield>
  </datafield>
  <datafield tag="973" ind1=" " ind2=" ">
    <subfield code="a">vsbrod</subfield>
  </datafield>
  <datafield tag="996" ind1=" " ind2=" ">
    <subfield code="x">vs/brod/a/KL 709</subfield>
  </datafield>
</record>