
<record>
  <leader>00433nas a2200169 a 4500</leader>
  <controlfield tag="001">REROILS:10</controlfield>
  <controlfield tag="005">20170518115600.0</controlfield>
  <controlfield tag="008">000918         fr |||m|| ||||0 || 0fre d</controlfield>
  <datafield tag="035" ind1=" " ind2=" ">
    <subfield code="a">R269852060</subfield>
  </datafield>
  <datafield tag="039" ind1=" " ind2=" ">
    <subfield code="b">0039</subfield>
  </datafield>
  <datafield tag="039" ind1=" " ind2="9">
    <subfield code="a">201705181156</subfield>
    <subfield code="b">VLOAD</subfield>
    <subfield code="c">200605290340</subfield>
    <subfield code="d">VLOAD</subfield>
    <subfield code="y">200009180425</subfield>
    <subfield code="z">VLOAD</subfield>
  </datafield>
  <datafield tag="040" ind1=" " ind2=" ">
    <subfield code="a">RERO frbcuc</subfield>
  </datafield>
  <datafield tag="245" ind1="0" ind2="0">
    <subfield code="a">Animalou</subfield>
  </datafield>
  <datafield tag="264" ind1=" " ind2="1">
    <subfield code="a">Paris :</subfield>
    <subfield code="b">Nathan</subfield>
  </datafield>
  <datafield tag="336" ind1=" " ind2=" ">
    <subfield code="b">txt</subfield>
    <subfield code="2">rdacontent</subfield>
  </datafield>
  <datafield tag="337" ind1=" " ind2=" ">
    <subfield code="b">n</subfield>
    <subfield code="2">rdamedia</subfield>
  </datafield>
  <datafield tag="338" ind1=" " ind2=" ">
    <subfield code="b">nc</subfield>
    <subfield code="2">rdacarrier</subfield>
  </datafield>
</record>