
<record>
  <leader>01197cam a2200325 a 4500</leader>
  <controlfield tag="001">REROILS:57</controlfield>
  <controlfield tag="005">20180630124300.0</controlfield>
  <controlfield tag="008">961126s1971    sz |||||| ||||00|| |fre d</controlfield>
  <datafield tag="035" ind1=" " ind2=" ">
    <subfield code="a">0000666</subfield>
  </datafield>
  <datafield tag="039" ind1=" " ind2="9">
    <subfield code="a">201806301243</subfield>
    <subfield code="b">VLOAD</subfield>
    <subfield code="c">201806251309</subfield>
    <subfield code="d">VLOAD</subfield>
    <subfield code="c">201705151412</subfield>
    <subfield code="d">VLOAD</subfield>
    <subfield code="c">201703281334</subfield>
    <subfield code="d">VLOAD</subfield>
    <subfield code="y">1999022709490000</subfield>
    <subfield code="z">load</subfield>
  </datafield>
  <datafield tag="040" ind1=" " ind2=" ">
    <subfield code="a">RERO</subfield>
  </datafield>
  <datafield tag="041" ind1="1" ind2=" ">
    <subfield code="a">fre</subfield>
    <subfield code="h">eng</subfield>
  </datafield>
  <datafield tag="044" ind1=" " ind2=" ">
    <subfield code="a">sz</subfield>
    <subfield code="c">ch-ge</subfield>
  </datafield>
  <datafield tag="072" ind1=" " ind2="7">
    <subfield code="a">s1fr</subfield>
    <subfield code="2">rero</subfield>
  </datafield>
  <datafield tag="100" ind1="1" ind2=" ">
    <subfield code="0">(RERO)A000158845</subfield>
    <subfield code="a">Swift, Jonathan,</subfield>
    <subfield code="d">1667-1745</subfield>
    <subfield code="4">cre</subfield>
  </datafield>
  <datafield tag="245" ind1="1" ind2="4">
    <subfield code="a">Les voyages de Gulliver /</subfield>
    <subfield code="c">Jonathan Swift ; trad. de l&apos; anglais par José Axelrad ; introd. et analyse de l&apos; oeuvre par Albert Cavin ; ill. de Gavarni</subfield>
  </datafield>
  <datafield tag="264" ind1=" " ind2="1">
    <subfield code="a">Genève :</subfield>
    <subfield code="b">Edito-Service,</subfield>
    <subfield code="c">[1971]</subfield>
  </datafield>
  <datafield tag="264" ind1=" " ind2="4">
    <subfield code="c">© 1971</subfield>
  </datafield>
  <datafield tag="300" ind1=" " ind2=" ">
    <subfield code="a">XIV, 381 p. :</subfield>
    <subfield code="b">ill. ;</subfield>
    <subfield code="c">21 cm</subfield>
  </datafield>
  <datafield tag="336" ind1=" " ind2=" ">
    <subfield code="b">txt</subfield>
    <subfield code="2">rdacontent</subfield>
  </datafield>
  <datafield tag="337" ind1=" " ind2=" ">
    <subfield code="b">n</subfield>
    <subfield code="2">rdamedia</subfield>
  </datafield>
  <datafield tag="338" ind1=" " ind2=" ">
    <subfield code="b">nc</subfield>
    <subfield code="2">rdacarrier</subfield>
  </datafield>
  <datafield tag="490" ind1="1" ind2=" ">
    <subfield code="a">Les Livres qui ont fait le monde</subfield>
  </datafield>
  <datafield tag="500" ind1=" " ind2=" ">
    <subfield code="a">Traduit de: Gulliver&apos;s travels</subfield>
  </datafield>
  <datafield tag="700" ind1="1" ind2=" ">
    <subfield code="0">(RERO)A002954338</subfield>
    <subfield code="a">Axelrad, Albert José</subfield>
  </datafield>
  <datafield tag="700" ind1="1" ind2=" ">
    <subfield code="0">(RERO)A003085554</subfield>
    <subfield code="a">Cavin, Albert</subfield>
  </datafield>
  <datafield tag="700" ind1="1" ind2=" ">
    <subfield code="0">(RERO)A000070074</subfield>
    <subfield code="a">Gavarni, Paul,</subfield>
    <subfield code="d">1804-1866</subfield>
  </datafield>
  <datafield tag="830" ind1=" " ind2="4">
    <subfield code="a">Les livres qui ont fait le monde</subfield>
  </datafield>
  <datafield tag="957" ind1=" " ind2=" ">
    <subfield code="a">gevbge</subfield>
  </datafield>
  <datafield tag="992" ind1=" " ind2=" ">
    <subfield code="a">BGE Zt 4395/6</subfield>
    <subfield code="x">ge/vbge/l/73</subfield>
  </datafield>
</record>