
<record>
  <leader>01773naa a2200349 a 4500</leader>
  <controlfield tag="001">REROILS:60</controlfield>
  <controlfield tag="005">20171127203500.0</controlfield>
  <controlfield tag="008">970725s1877    gw ||| |  ||||00|  |ger d</controlfield>
  <datafield tag="019" ind1=" " ind2=" ">
    <subfield code="a">Attention champ 933 issu de la migration d&apos;Alexandria à conserver temporairement</subfield>
    <subfield code="9">iftfla/12.2009</subfield>
    <subfield code="5">alexrero</subfield>
  </datafield>
  <datafield tag="019" ind1=" " ind2=" ">
    <subfield code="a">Notice issue de la migration Alexandria</subfield>
    <subfield code="9">iftfla/12.2009</subfield>
  </datafield>
  <datafield tag="019" ind1=" " ind2=" ">
    <subfield code="a">Attention : indexation ajuri convertie en jurivoc</subfield>
    <subfield code="9">iftfla/08.2014</subfield>
  </datafield>
  <datafield tag="035" ind1=" " ind2=" ">
    <subfield code="a">bv01009844</subfield>
  </datafield>
  <datafield tag="039" ind1=" " ind2="9">
    <subfield code="a">201711272035</subfield>
    <subfield code="b">VLOAD</subfield>
    <subfield code="c">201711271654</subfield>
    <subfield code="d">VLOAD</subfield>
    <subfield code="c">201705220745</subfield>
    <subfield code="d">VLOAD</subfield>
    <subfield code="c">201503151420</subfield>
    <subfield code="d">VLOAD</subfield>
    <subfield code="y">200912101840</subfield>
    <subfield code="z">VLOAD</subfield>
  </datafield>
  <datafield tag="040" ind1=" " ind2=" ">
    <subfield code="a">RERO iftfla</subfield>
  </datafield>
  <datafield tag="072" ind1=" " ind2="7">
    <subfield code="a">s1dr</subfield>
    <subfield code="2">rero</subfield>
  </datafield>
  <datafield tag="100" ind1="1" ind2=" ">
    <subfield code="0">(RERO)A003817894</subfield>
    <subfield code="a">Seeger, Hermann</subfield>
    <subfield code="4">cre</subfield>
  </datafield>
  <datafield tag="245" ind1="1" ind2="4">
    <subfield code="a">Die strafrechtlichen consilia Tubingensia von der Gründung der Universität bis zum Jahre 1600 /</subfield>
    <subfield code="c">von Hermann Seeger</subfield>
  </datafield>
  <datafield tag="264" ind1=" " ind2="1">
    <subfield code="a">[Lieu de publication non identifié] :</subfield>
    <subfield code="b">[éditeur non identifié],</subfield>
    <subfield code="c">1877</subfield>
  </datafield>
  <datafield tag="264" ind1=" " ind2="3">
    <subfield code="a">Tübingen :</subfield>
    <subfield code="b">L. F. Fues</subfield>
  </datafield>
  <datafield tag="300" ind1=" " ind2=" ">
    <subfield code="a">103 S.</subfield>
  </datafield>
  <datafield tag="336" ind1=" " ind2=" ">
    <subfield code="b">txt</subfield>
    <subfield code="2">rdacontent</subfield>
  </datafield>
  <datafield tag="337" ind1=" " ind2=" ">
    <subfield code="b">n</subfield>
    <subfield code="2">rdamedia</subfield>
  </datafield>
  <datafield tag="338" ind1=" " ind2=" ">
    <subfield code="b">nc</subfield>
    <subfield code="2">rdacarrier</subfield>
  </datafield>
  <datafield tag="580" ind1=" " ind2=" ">
    <subfield code="a">Aus: Zur vierten Säcularfeier der Universität Tübingen im Sommer 1877 : Festprogramm der juristischen Facultät. - Tübingen : Druck von Ludwig Friedrich Fues, 1877</subfield>
  </datafield>
  <datafield tag="580" ind1=" " ind2=" ">
    <subfield code="a">In: Zur vierten Säcularfeier der Universität Tübingen im Sommer 1877. - Tübingen, 1877</subfield>
  </datafield>
  <datafield tag="650" ind1=" " ind2="7">
    <subfield code="0">jurivoc000018353ger</subfield>
    <subfield code="a">Rechtsgeschichte</subfield>
    <subfield code="2">jurivoc</subfield>
    <subfield code="9">ger</subfield>
  </datafield>
  <datafield tag="651" ind1=" " ind2="7">
    <subfield code="0">jurivoc000005510ger</subfield>
    <subfield code="a">Deutschland</subfield>
    <subfield code="2">jurivoc</subfield>
    <subfield code="9">ger</subfield>
  </datafield>
  <datafield tag="773" ind1="1" ind2=" ">
    <subfield code="t">Zur vierten Säcularfeier der Universität Tübingen im Sommer 1877</subfield>
    <subfield code="g">Tübingen, 1877</subfield>
  </datafield>
  <datafield tag="933" ind1=" " ind2=" ">
    <subfield code="a">bv079146660</subfield>
    <subfield code="9">iftfla</subfield>
  </datafield>
  <datafield tag="933" ind1=" " ind2=" ">
    <subfield code="s">Zur vierten Säcularfeier der Universität Tübingen im Sommer 1877</subfield>
    <subfield code="g">Tübingen, 1877</subfield>
    <subfield code="5">alexrero</subfield>
  </datafield>
  <datafield tag="953" ind1=" " ind2=" ">
    <subfield code="a">iftfla</subfield>
  </datafield>
  <datafield tag="983" ind1=" " ind2=" ">
    <subfield code="2">iftfla</subfield>
    <subfield code="a">TFLa F 1/116</subfield>
  </datafield>
</record>