
<record>
  <leader>01311nam a2200325uia4500</leader>
  <controlfield tag="001">REROILS:64</controlfield>
  <controlfield tag="005">20190823150500.0</controlfield>
  <controlfield tag="008">190612s1860    xxk           00    eng d</controlfield>
  <datafield tag="035" ind1=" " ind2=" ">
    <subfield code="a">R008933628</subfield>
  </datafield>
  <datafield tag="039" ind1=" " ind2="7">
    <subfield code="b">7841</subfield>
  </datafield>
  <datafield tag="039" ind1=" " ind2="9">
    <subfield code="a">201908231505</subfield>
    <subfield code="b">7951</subfield>
    <subfield code="c">201906122208</subfield>
    <subfield code="d">VLOAD</subfield>
    <subfield code="y">201906121047</subfield>
    <subfield code="z">7841</subfield>
  </datafield>
  <datafield tag="040" ind1=" " ind2=" ">
    <subfield code="a">SzZuIDS BS/BE A100</subfield>
    <subfield code="b">ger</subfield>
    <subfield code="e">kids</subfield>
    <subfield code="d">RERO geuchr</subfield>
  </datafield>
  <datafield tag="072" ind1=" " ind2="7">
    <subfield code="a">s1th</subfield>
    <subfield code="2">rero</subfield>
  </datafield>
  <datafield tag="100" ind1="1" ind2=" ">
    <subfield code="a">Young, M</subfield>
    <subfield code="4">aut</subfield>
  </datafield>
  <datafield tag="245" ind1="1" ind2="4">
    <subfield code="a">The life and times of Aonio Paleario :</subfield>
    <subfield code="b">or, A history of the Italian reformers in the sixteenth century illustrated by original letters and unedited documents /</subfield>
    <subfield code="c">by M. Young</subfield>
  </datafield>
  <datafield tag="264" ind1=" " ind2="1">
    <subfield code="a">London :</subfield>
    <subfield code="b">Bell and Daldy,</subfield>
    <subfield code="c">1860</subfield>
  </datafield>
  <datafield tag="300" ind1=" " ind2=" ">
    <subfield code="a">2 vol. ;</subfield>
    <subfield code="c">23 cm</subfield>
  </datafield>
  <datafield tag="336" ind1=" " ind2=" ">
    <subfield code="b">txt</subfield>
    <subfield code="2">rdacontent</subfield>
  </datafield>
  <datafield tag="337" ind1=" " ind2=" ">
    <subfield code="b">n</subfield>
    <subfield code="2">rdamedia</subfield>
  </datafield>
  <datafield tag="338" ind1=" " ind2=" ">
    <subfield code="b">nc</subfield>
    <subfield code="2">rdacarrier</subfield>
  </datafield>
  <datafield tag="600" ind1="1" ind2="7">
    <subfield code="0">(RERO)A010127350</subfield>
    <subfield code="a">Paleario, Aonio</subfield>
    <subfield code="2">rero</subfield>
  </datafield>
  <datafield tag="650" ind1=" " ind2="7">
    <subfield code="0">(RERO)A021017286</subfield>
    <subfield code="a">16e siècle</subfield>
    <subfield code="2">rero</subfield>
  </datafield>
  <datafield tag="650" ind1=" " ind2="7">
    <subfield code="0">(RERO)A025838898</subfield>
    <subfield code="a">Réforme protestante</subfield>
    <subfield code="2">rero</subfield>
  </datafield>
  <datafield tag="651" ind1=" " ind2="7">
    <subfield code="0">(RERO)A010099861</subfield>
    <subfield code="a">Italie</subfield>
    <subfield code="2">rero</subfield>
  </datafield>
  <datafield tag="856" ind1="4" ind2="1">
    <subfield code="u">https://archive.org/details/aoniopaleario01younuoft</subfield>
    <subfield code="z">Free eBook from the Internet Archive</subfield>
  </datafield>
  <datafield tag="856" ind1="4" ind2="1">
    <subfield code="u">https://archive.org/details/aoniopaleario02younuoft</subfield>
    <subfield code="z">Free eBook from the Internet Archive</subfield>
  </datafield>
  <datafield tag="900" ind1=" " ind2="1">
    <subfield code="a">IDS-BSBE</subfield>
    <subfield code="b">20190612</subfield>
    <subfield code="c">Droits réservés</subfield>
  </datafield>
  <datafield tag="930" ind1=" " ind2=" ">
    <subfield code="a">(IDS-BSBE) @BIBID@</subfield>
  </datafield>
  <datafield tag="957" ind1=" " ind2=" ">
    <subfield code="a">geuchr</subfield>
  </datafield>
  <datafield tag="992" ind1=" " ind2=" ">
    <subfield code="a">MHR Vp 1</subfield>
    <subfield code="x">ge/mhr-/1338</subfield>
  </datafield>
</record>