
<record>
  <leader>01152nam a2200325 a 4500</leader>
  <controlfield tag="001">REROILS:65</controlfield>
  <controlfield tag="005">20180828114700.0</controlfield>
  <controlfield tag="008">001228s1999    sz ||| |  ||||00|  |fre d</controlfield>
  <datafield tag="020" ind1=" " ind2=" ">
    <subfield code="a">9783906690018</subfield>
  </datafield>
  <datafield tag="035" ind1=" " ind2=" ">
    <subfield code="a">R268272360</subfield>
  </datafield>
  <datafield tag="039" ind1=" " ind2=" ">
    <subfield code="b">6201i</subfield>
    <subfield code="b">9577</subfield>
  </datafield>
  <datafield tag="039" ind1=" " ind2="9">
    <subfield code="a">201808281147</subfield>
    <subfield code="b">VLOAD</subfield>
    <subfield code="c">201807031537</subfield>
    <subfield code="d">VLOAD</subfield>
    <subfield code="c">201706111136</subfield>
    <subfield code="d">VLOAD</subfield>
    <subfield code="c">200812220530</subfield>
    <subfield code="d">VLOAD</subfield>
    <subfield code="y">200009151921</subfield>
    <subfield code="z">VLOAD</subfield>
  </datafield>
  <datafield tag="040" ind1=" " ind2=" ">
    <subfield code="a">RERO gevbaa</subfield>
  </datafield>
  <datafield tag="041" ind1="0" ind2=" ">
    <subfield code="a">fre</subfield>
    <subfield code="a">ger</subfield>
  </datafield>
  <datafield tag="044" ind1=" " ind2=" ">
    <subfield code="a">sz</subfield>
    <subfield code="c">ch-zh</subfield>
  </datafield>
  <datafield tag="072" ind1=" " ind2="7">
    <subfield code="a">s1ba</subfield>
    <subfield code="2">rero</subfield>
  </datafield>
  <datafield tag="245" ind1="0" ind2="0">
    <subfield code="a">Christian Philipp Müller :</subfield>
    <subfield code="b">autofocus : [Kunsthalle Zürich, 6. November-30. Dezember 1999]</subfield>
  </datafield>
  <datafield tag="264" ind1=" " ind2="1">
    <subfield code="a">Berne :</subfield>
    <subfield code="b">Office fédéral de la culture,</subfield>
    <subfield code="c">[1999]</subfield>
  </datafield>
  <datafield tag="264" ind1=" " ind2="4">
    <subfield code="c">© 1999</subfield>
  </datafield>
  <datafield tag="300" ind1=" " ind2=" ">
    <subfield code="a">[23] p. ;</subfield>
    <subfield code="c">24 cm</subfield>
  </datafield>
  <datafield tag="336" ind1=" " ind2=" ">
    <subfield code="b">txt</subfield>
    <subfield code="2">rdacontent</subfield>
  </datafield>
  <datafield tag="337" ind1=" " ind2=" ">
    <subfield code="b">n</subfield>
    <subfield code="2">rdamedia</subfield>
  </datafield>
  <datafield tag="338" ind1=" " ind2=" ">
    <subfield code="b">nc</subfield>
    <subfield code="2">rdacarrier</subfield>
  </datafield>
  <datafield tag="500" ind1=" " ind2=" ">
    <subfield code="a">Exposition. Zürich. Kunsthalle. 1999</subfield>
  </datafield>
  <datafield tag="600" ind1="1" ind2="7">
    <subfield code="0">(RERO)A010202755</subfield>
    <subfield code="a">Müller, Christian Philipp</subfield>
    <subfield code="2">rero</subfield>
  </datafield>
  <datafield tag="655" ind1=" " ind2="7">
    <subfield code="0">(RERO)A021004924</subfield>
    <subfield code="a">[Catalogues d&apos;exposition]</subfield>
    <subfield code="2">rero</subfield>
  </datafield>
  <datafield tag="902" ind1=" " ind2=" ">
    <subfield code="a">gevbaa</subfield>
    <subfield code="b">2000/04</subfield>
    <subfield code="c">520</subfield>
  </datafield>
  <datafield tag="919" ind1=" " ind2=" ">
    <subfield code="9">600 17</subfield>
    <subfield code="a">Müller, Christian Philipp</subfield>
    <subfield code="v">[catalogue d&apos;exposition]</subfield>
    <subfield code="2">chrero</subfield>
  </datafield>
  <datafield tag="957" ind1=" " ind2=" ">
    <subfield code="a">gevbaa</subfield>
  </datafield>
  <datafield tag="992" ind1=" " ind2=" ">
    <subfield code="a">BAA E 1999 MÜLLER</subfield>
    <subfield code="x">ge/vbaa/d/2000/5321</subfield>
  </datafield>
</record>