
<record>
  <leader>01094nam a2200265 a 4500</leader>
  <controlfield tag="001">REROILS:23</controlfield>
  <controlfield tag="005">20180903122400.0</controlfield>
  <controlfield tag="008">860916s1981    gw |||||| ||||00|| |ger d</controlfield>
  <datafield tag="020" ind1=" " ind2=" ">
    <subfield code="a">9783887220389</subfield>
  </datafield>
  <datafield tag="035" ind1=" " ind2=" ">
    <subfield code="a">0753178</subfield>
  </datafield>
  <datafield tag="039" ind1=" " ind2="9">
    <subfield code="a">201809031224</subfield>
    <subfield code="b">VLOAD</subfield>
    <subfield code="c">201807011418</subfield>
    <subfield code="d">VLOAD</subfield>
    <subfield code="c">201705160836</subfield>
    <subfield code="d">VLOAD</subfield>
    <subfield code="c">201506091315</subfield>
    <subfield code="d">VLOAD</subfield>
    <subfield code="y">1999022803340000</subfield>
    <subfield code="z">load</subfield>
  </datafield>
  <datafield tag="040" ind1=" " ind2=" ">
    <subfield code="a">RERO neuses</subfield>
  </datafield>
  <datafield tag="072" ind1=" " ind2="7">
    <subfield code="a">s1se</subfield>
    <subfield code="2">rero</subfield>
  </datafield>
  <datafield tag="245" ind1="0" ind2="0">
    <subfield code="a">Rationalisierung, Krise und Arbeiter :</subfield>
    <subfield code="b">eine empirische Untersuchung der Industrialisierung auf der Werft /</subfield>
    <subfield code="c">Michael Schumann ... [et al.]</subfield>
  </datafield>
  <datafield tag="264" ind1=" " ind2="1">
    <subfield code="a">Bremen :</subfield>
    <subfield code="b">Zentrale wissenschaftliche Einrichtung &quot;Arbeit und Betrieb&quot;,</subfield>
    <subfield code="c">[1981]</subfield>
  </datafield>
  <datafield tag="264" ind1=" " ind2="4">
    <subfield code="c">© 1981</subfield>
  </datafield>
  <datafield tag="300" ind1=" " ind2=" ">
    <subfield code="a">2 vol. :</subfield>
    <subfield code="b">ill. ;</subfield>
    <subfield code="c">21 cm</subfield>
  </datafield>
  <datafield tag="336" ind1=" " ind2=" ">
    <subfield code="b">txt</subfield>
    <subfield code="2">rdacontent</subfield>
  </datafield>
  <datafield tag="337" ind1=" " ind2=" ">
    <subfield code="b">n</subfield>
    <subfield code="2">rdamedia</subfield>
  </datafield>
  <datafield tag="338" ind1=" " ind2=" ">
    <subfield code="b">nc</subfield>
    <subfield code="2">rdacarrier</subfield>
  </datafield>
  <datafield tag="490" ind1="1" ind2=" ">
    <subfield code="a">Forschungsberichte der zentralen wissenschaftlichen Einrichtung &quot;Arbeit und Betrieb&quot;</subfield>
  </datafield>
  <datafield tag="700" ind1="1" ind2=" ">
    <subfield code="0">(RERO)A003810312</subfield>
    <subfield code="a">Schumann, Michael</subfield>
  </datafield>
  <datafield tag="830" ind1=" " ind2="0">
    <subfield code="a">Forschungsberichte der zentralen wissenschaftlichen Einrichtung &quot;Arbeit und Betrieb&quot;</subfield>
    <subfield code="w">REROILS:24</subfield>
  </datafield>
  <datafield tag="962" ind1=" " ind2=" ">
    <subfield code="a">neuses</subfield>
  </datafield>
  <datafield tag="994" ind1=" " ind2=" ">
    <subfield code="a">YA2/ 1935</subfield>
    <subfield code="x">ne/uses/w</subfield>
  </datafield>
</record>