
<record>
  <leader>00986naa a22002537a 4500</leader>
  <controlfield tag="001">REROILS:26</controlfield>
  <controlfield tag="005">20170518141100.0</controlfield>
  <controlfield tag="008">980412s1992    xx ||| |  ||||00|  0ger d</controlfield>
  <datafield tag="035" ind1=" " ind2=" ">
    <subfield code="a">R003458224</subfield>
  </datafield>
  <datafield tag="039" ind1=" " ind2="9">
    <subfield code="a">201705181411</subfield>
    <subfield code="b">VLOAD</subfield>
    <subfield code="c">201605141156</subfield>
    <subfield code="d">VLOAD</subfield>
    <subfield code="c">201210191826</subfield>
    <subfield code="d">VLOAD</subfield>
    <subfield code="c">201112192259</subfield>
    <subfield code="d">VLOAD</subfield>
    <subfield code="y">200506232351</subfield>
    <subfield code="z">VLOAD</subfield>
  </datafield>
  <datafield tag="040" ind1=" " ind2=" ">
    <subfield code="a">RERO gewcc-</subfield>
  </datafield>
  <datafield tag="072" ind1=" " ind2="7">
    <subfield code="a">s1th</subfield>
    <subfield code="2">rero</subfield>
  </datafield>
  <datafield tag="100" ind1="1" ind2=" ">
    <subfield code="0">(RERO)A002902581</subfield>
    <subfield code="a">Aagaard, Anna Marie</subfield>
    <subfield code="4">cre</subfield>
  </datafield>
  <datafield tag="245" ind1="1" ind2="0">
    <subfield code="a">Kirche und Welt :</subfield>
    <subfield code="b">zu einer Studie der Kommission für Glauben und Kirchenverfassung /</subfield>
    <subfield code="c">von Anna Marie Aagaard</subfield>
  </datafield>
  <datafield tag="264" ind1=" " ind2="1">
    <subfield code="c">1992</subfield>
  </datafield>
  <datafield tag="336" ind1=" " ind2=" ">
    <subfield code="b">txt</subfield>
    <subfield code="2">rdacontent</subfield>
  </datafield>
  <datafield tag="337" ind1=" " ind2=" ">
    <subfield code="b">n</subfield>
    <subfield code="2">rdamedia</subfield>
  </datafield>
  <datafield tag="338" ind1=" " ind2=" ">
    <subfield code="b">nc</subfield>
    <subfield code="2">rdacarrier</subfield>
  </datafield>
  <datafield tag="500" ind1=" " ind2=" ">
    <subfield code="a">Translated from the English</subfield>
  </datafield>
  <datafield tag="580" ind1=" " ind2=" ">
    <subfield code="a">In: Ökumenische Rundschau ; Jg. 41, H. 2 (April 1992), p. 137-146</subfield>
  </datafield>
  <datafield tag="773" ind1="1" ind2=" ">
    <subfield code="t">Ökumenische Rundschau</subfield>
    <subfield code="g">Jg. 41, H. 2 (April 1992), p. 137-146</subfield>
    <subfield code="w">REROILS:27</subfield>
  </datafield>
  <datafield tag="957" ind1=" " ind2=" ">
    <subfield code="a">gewcc-</subfield>
  </datafield>
  <datafield tag="982" ind1=" " ind2=" ">
    <subfield code="0">(RERO)6A004590661</subfield>
    <subfield code="2">wccsh</subfield>
    <subfield code="a">Church and the world</subfield>
    <subfield code="e">[LCSH]</subfield>
  </datafield>
  <datafield tag="982" ind1=" " ind2=" ">
    <subfield code="2">wccsh</subfield>
    <subfield code="a">Wcc</subfield>
    <subfield code="d">Faith and Order</subfield>
  </datafield>
</record>