
<record>
  <leader>02318nam a2200601 a 4500</leader>
  <controlfield tag="001">REROILS:15</controlfield>
  <controlfield tag="005">20190509115800.0</controlfield>
  <controlfield tag="008">160318s2017    gw ||| |  ||||00|  |ger d</controlfield>
  <datafield tag="020" ind1=" " ind2=" ">
    <subfield code="a">9783825245276</subfield>
  </datafield>
  <datafield tag="035" ind1=" " ind2=" ">
    <subfield code="a">R008391688</subfield>
  </datafield>
  <datafield tag="039" ind1=" " ind2="7">
    <subfield code="b">7385</subfield>
  </datafield>
  <datafield tag="039" ind1=" " ind2="9">
    <subfield code="a">201905091158</subfield>
    <subfield code="b">AUTHORITY</subfield>
    <subfield code="c">201809171751</subfield>
    <subfield code="d">0123</subfield>
    <subfield code="c">201808230954</subfield>
    <subfield code="d">0123</subfield>
    <subfield code="c">201710121707</subfield>
    <subfield code="d">7385</subfield>
    <subfield code="y">201603181434</subfield>
    <subfield code="z">7374</subfield>
  </datafield>
  <datafield tag="040" ind1=" " ind2=" ">
    <subfield code="a">GWDNB</subfield>
    <subfield code="d">RERO geulal</subfield>
  </datafield>
  <datafield tag="072" ind1=" " ind2="7">
    <subfield code="a">s1al</subfield>
    <subfield code="2">rero</subfield>
  </datafield>
  <datafield tag="082" ind1=" " ind2="4">
    <subfield code="8">1\p</subfield>
    <subfield code="a">400</subfield>
    <subfield code="q">DE-101</subfield>
  </datafield>
  <datafield tag="100" ind1="1" ind2=" ">
    <subfield code="0">(RERO)A013470856</subfield>
    <subfield code="a">Kessel, Katja</subfield>
    <subfield code="4">cre</subfield>
  </datafield>
  <datafield tag="245" ind1="1" ind2="0">
    <subfield code="a">Basiswissen deutsche Gegenwartssprache /</subfield>
    <subfield code="c">Katja Kessel, Sandra Reimann</subfield>
  </datafield>
  <datafield tag="250" ind1=" " ind2=" ">
    <subfield code="a">5., überarb. und erw. Aufl.</subfield>
  </datafield>
  <datafield tag="264" ind1=" " ind2="1">
    <subfield code="a">Tübingen :</subfield>
    <subfield code="b">A. Francke Verlag,</subfield>
    <subfield code="c">2017</subfield>
  </datafield>
  <datafield tag="300" ind1=" " ind2=" ">
    <subfield code="a">351 S. :</subfield>
    <subfield code="b">zahlr. Darstellungen und Tabellen</subfield>
  </datafield>
  <datafield tag="336" ind1=" " ind2=" ">
    <subfield code="b">txt</subfield>
    <subfield code="2">rdacontent</subfield>
  </datafield>
  <datafield tag="337" ind1=" " ind2=" ">
    <subfield code="b">n</subfield>
    <subfield code="2">rdamedia</subfield>
  </datafield>
  <datafield tag="338" ind1=" " ind2=" ">
    <subfield code="b">nc</subfield>
    <subfield code="2">rdacarrier</subfield>
  </datafield>
  <datafield tag="490" ind1="1" ind2=" ">
    <subfield code="a">utb</subfield>
    <subfield code="v">2704</subfield>
  </datafield>
  <datafield tag="650" ind1=" " ind2="7">
    <subfield code="0">(RERO)A021102674</subfield>
    <subfield code="a">Syntaxe</subfield>
    <subfield code="2">rero</subfield>
  </datafield>
  <datafield tag="650" ind1=" " ind2="7">
    <subfield code="0">(RERO)A021097556</subfield>
    <subfield code="a">Locutions</subfield>
    <subfield code="2">rero</subfield>
  </datafield>
  <datafield tag="650" ind1=" " ind2="7">
    <subfield code="0">(RERO)A021095271</subfield>
    <subfield code="a">Flexion (linguistique)</subfield>
    <subfield code="2">rero</subfield>
  </datafield>
  <datafield tag="650" ind1=" " ind2="7">
    <subfield code="0">(RERO)A021096088</subfield>
    <subfield code="a">Formation des mots</subfield>
    <subfield code="2">rero</subfield>
  </datafield>
  <datafield tag="650" ind1=" " ind2="7">
    <subfield code="0">(RERO)A021030060</subfield>
    <subfield code="a">Langue parlée</subfield>
    <subfield code="2">rero</subfield>
  </datafield>
  <datafield tag="650" ind1=" " ind2="7">
    <subfield code="0">(RERO)A021100941</subfield>
    <subfield code="a">Sémantique</subfield>
    <subfield code="2">rero</subfield>
  </datafield>
  <datafield tag="650" ind1=" " ind2="7">
    <subfield code="0">(RERO)A021004878</subfield>
    <subfield code="a">Phonologie</subfield>
    <subfield code="2">rero</subfield>
  </datafield>
  <datafield tag="650" ind1=" " ind2="7">
    <subfield code="0">(RERO)A021099875</subfield>
    <subfield code="a">Phonétique</subfield>
    <subfield code="2">rero</subfield>
  </datafield>
  <datafield tag="650" ind1=" " ind2="7">
    <subfield code="0">(RERO)A021102411</subfield>
    <subfield code="a">Écriture</subfield>
    <subfield code="2">rero</subfield>
  </datafield>
  <datafield tag="650" ind1=" " ind2="7">
    <subfield code="0">(RERO)A021100940</subfield>
    <subfield code="a">Pragmatique</subfield>
    <subfield code="2">rero</subfield>
  </datafield>
  <datafield tag="650" ind1=" " ind2="7">
    <subfield code="0">(RERO)A021100104</subfield>
    <subfield code="a">Grammaire</subfield>
    <subfield code="2">rero</subfield>
  </datafield>
  <datafield tag="650" ind1=" " ind2="7">
    <subfield code="0">(RERO)A021017637</subfield>
    <subfield code="a">Stylistique</subfield>
    <subfield code="2">rero</subfield>
  </datafield>
  <datafield tag="650" ind1=" " ind2="7">
    <subfield code="0">(RERO)A021101102</subfield>
    <subfield code="a">Allemand (langue)</subfield>
    <subfield code="2">rero</subfield>
  </datafield>
  <datafield tag="700" ind1="1" ind2=" ">
    <subfield code="0">(RERO)A013470857</subfield>
    <subfield code="a">Reimann, Sandra</subfield>
  </datafield>
  <datafield tag="830" ind1=" " ind2="0">
    <subfield code="a">UTB für Wissenschaft : Uni-Taschenbücher</subfield>
    <subfield code="v">2704</subfield>
    <subfield code="w">REROILS:16</subfield>
  </datafield>
  <datafield tag="900" ind1=" " ind2="1">
    <subfield code="a">IDS-BSBE</subfield>
    <subfield code="b">20160318</subfield>
    <subfield code="c">Droits réservés</subfield>
  </datafield>
  <datafield tag="901" ind1=" " ind2=" ">
    <subfield code="a">LAR BLL</subfield>
    <subfield code="b">2018/09</subfield>
    <subfield code="c">SPGA</subfield>
    <subfield code="c">cdd410</subfield>
  </datafield>
  <datafield tag="902" ind1=" " ind2=" ">
    <subfield code="a">geulal</subfield>
    <subfield code="b">2017/10</subfield>
  </datafield>
  <datafield tag="919" ind1=" " ind2=" ">
    <subfield code="a">(Produktform)Paperback / softback</subfield>
  </datafield>
  <datafield tag="919" ind1=" " ind2=" ">
    <subfield code="a">(VLB-WN)2561: Taschenbuch / Sprachwissenschaft, Literaturwissenschaft/Allgemeine und Vergleichende Sprachwissenschaft</subfield>
  </datafield>
  <datafield tag="919" ind1=" " ind2=" ">
    <subfield code="a">(Zielgruppe)Einzelne Sprachen &amp; Sprachfamilien ; Grammatik, Syntax, Morphologie</subfield>
  </datafield>
  <datafield tag="919" ind1=" " ind2=" ">
    <subfield code="a">Deutsch</subfield>
  </datafield>
  <datafield tag="919" ind1=" " ind2=" ">
    <subfield code="a">deutsche Gegenwartssprache</subfield>
  </datafield>
  <datafield tag="919" ind1=" " ind2=" ">
    <subfield code="a">Germanistik</subfield>
  </datafield>
  <datafield tag="930" ind1=" " ind2=" ">
    <subfield code="a">(IDS-BSBE) 006484934</subfield>
  </datafield>
  <datafield tag="956" ind1=" " ind2=" ">
    <subfield code="a">frbcuc</subfield>
  </datafield>
  <datafield tag="957" ind1=" " ind2=" ">
    <subfield code="a">geulal</subfield>
  </datafield>
  <datafield tag="981" ind1=" " ind2=" ">
    <subfield code="2">SPGA</subfield>
    <subfield code="a">PB</subfield>
  </datafield>
  <datafield tag="982" ind1=" " ind2=" ">
    <subfield code="2">ge-ulal</subfield>
    <subfield code="a">L/A 1*KESS Bas dg</subfield>
  </datafield>
</record>