
<record>
  <leader>01880nam a2200433 a 4500</leader>
  <controlfield tag="001">REROILS:71</controlfield>
  <controlfield tag="005">20180703162700.0</controlfield>
  <controlfield tag="008">000921s2000    sz |||||| ||||00|  |fre d</controlfield>
  <datafield tag="020" ind1=" " ind2=" ">
    <subfield code="a">9782940058174</subfield>
  </datafield>
  <datafield tag="035" ind1=" " ind2=" ">
    <subfield code="a">R270752060</subfield>
  </datafield>
  <datafield tag="039" ind1=" " ind2=" ">
    <subfield code="b">0021</subfield>
    <subfield code="b">0021i</subfield>
    <subfield code="b">9500f</subfield>
  </datafield>
  <datafield tag="039" ind1=" " ind2="9">
    <subfield code="a">201807031627</subfield>
    <subfield code="b">VLOAD</subfield>
    <subfield code="c">201706111219</subfield>
    <subfield code="d">VLOAD</subfield>
    <subfield code="c">200812210823</subfield>
    <subfield code="d">VLOAD</subfield>
    <subfield code="c">200605290413</subfield>
    <subfield code="d">VLOAD</subfield>
    <subfield code="y">200009212105</subfield>
    <subfield code="z">VLOAD</subfield>
  </datafield>
  <datafield tag="040" ind1=" " ind2=" ">
    <subfield code="a">RERO frbcuc</subfield>
  </datafield>
  <datafield tag="044" ind1=" " ind2=" ">
    <subfield code="a">sz</subfield>
    <subfield code="c">ch-fr</subfield>
  </datafield>
  <datafield tag="072" ind1=" " ind2="7">
    <subfield code="a">s1ss</subfield>
    <subfield code="2">rero</subfield>
  </datafield>
  <datafield tag="245" ind1="0" ind2="0">
    <subfield code="a">Règlement de la Commission éthique de l&apos;AFIPA/VFA</subfield>
  </datafield>
  <datafield tag="264" ind1=" " ind2="1">
    <subfield code="a">Marsens :</subfield>
    <subfield code="b">Secrétariat AFIPA/VFA c/o Home médicalisé d&apos;Humilimont,</subfield>
    <subfield code="c">[2000]</subfield>
  </datafield>
  <datafield tag="300" ind1=" " ind2=" ">
    <subfield code="a">2 p. ;</subfield>
    <subfield code="c">30 cm</subfield>
  </datafield>
  <datafield tag="336" ind1=" " ind2=" ">
    <subfield code="b">txt</subfield>
    <subfield code="2">rdacontent</subfield>
  </datafield>
  <datafield tag="337" ind1=" " ind2=" ">
    <subfield code="b">n</subfield>
    <subfield code="2">rdamedia</subfield>
  </datafield>
  <datafield tag="338" ind1=" " ind2=" ">
    <subfield code="b">nc</subfield>
    <subfield code="2">rdacarrier</subfield>
  </datafield>
  <datafield tag="500" ind1=" " ind2=" ">
    <subfield code="a">Ed. allemande sous le titre: Reglement der Ethik Kommission der VFA/AFIPA</subfield>
  </datafield>
  <datafield tag="510" ind1="4" ind2=" ">
    <subfield code="a">La Gruyère. - Bulle. - 23.2.2000</subfield>
  </datafield>
  <datafield tag="610" ind1="2" ind2="7">
    <subfield code="0">(RERO)A010197927</subfield>
    <subfield code="a">Association fribourgeoise des institutions pour personnes âgées (Fribourg)</subfield>
    <subfield code="2">rero</subfield>
  </datafield>
  <datafield tag="650" ind1=" " ind2="7">
    <subfield code="0">(RERO)A021096072</subfield>
    <subfield code="a">Morale</subfield>
    <subfield code="2">rero</subfield>
  </datafield>
  <datafield tag="650" ind1=" " ind2="7">
    <subfield code="0">(RERO)A009988184</subfield>
    <subfield code="a">établissement pour personnes âgées</subfield>
    <subfield code="2">rerovoc</subfield>
  </datafield>
  <datafield tag="650" ind1=" " ind2="7">
    <subfield code="0">(RERO)A009953515</subfield>
    <subfield code="a">établissement médico-social</subfield>
    <subfield code="2">rerovoc</subfield>
  </datafield>
  <datafield tag="651" ind1=" " ind2="7">
    <subfield code="0">(RERO)A009991678</subfield>
    <subfield code="a">Fribourg (Suisse, canton)</subfield>
    <subfield code="2">rero</subfield>
  </datafield>
  <datafield tag="655" ind1=" " ind2="7">
    <subfield code="0">(RERO)A010182398</subfield>
    <subfield code="a">[document]</subfield>
    <subfield code="2">rerovoc</subfield>
  </datafield>
  <datafield tag="710" ind1="2" ind2=" ">
    <subfield code="0">(RERO)A000011864</subfield>
    <subfield code="a">Association fribourgeoise des institutions pour personnes âgées</subfield>
  </datafield>
  <datafield tag="901" ind1=" " ind2=" ">
    <subfield code="a">bfr2000</subfield>
  </datafield>
  <datafield tag="901" ind1=" " ind2=" ">
    <subfield code="a">bfrc2</subfield>
  </datafield>
  <datafield tag="901" ind1=" " ind2=" ">
    <subfield code="a">fribu</subfield>
  </datafield>
  <datafield tag="901" ind1=" " ind2=" ">
    <subfield code="a">frautfr</subfield>
  </datafield>
  <datafield tag="919" ind1=" " ind2=" ">
    <subfield code="9">650 _7</subfield>
    <subfield code="a">morale</subfield>
    <subfield code="x">Association fribourgeoise des institutions pour personnes âgées (Fribourg)</subfield>
    <subfield code="v">[document]</subfield>
    <subfield code="2">chrero</subfield>
  </datafield>
  <datafield tag="919" ind1=" " ind2=" ">
    <subfield code="9">650 _7</subfield>
    <subfield code="a">établissement pour personnes âgées</subfield>
    <subfield code="x">morale</subfield>
    <subfield code="z">Fribourg (Suisse, canton)</subfield>
    <subfield code="2">chrero</subfield>
  </datafield>
  <datafield tag="919" ind1=" " ind2=" ">
    <subfield code="9">650 _7</subfield>
    <subfield code="a">établissement médico-social</subfield>
    <subfield code="x">morale</subfield>
    <subfield code="z">Fribourg (Suisse, canton)</subfield>
    <subfield code="2">chrero</subfield>
  </datafield>
  <datafield tag="956" ind1=" " ind2=" ">
    <subfield code="a">frbcuc</subfield>
  </datafield>
  <datafield tag="981" ind1=" " ind2=" ">
    <subfield code="0">(RERO)0A004482505</subfield>
    <subfield code="2">BF</subfield>
    <subfield code="a">4.32.21.4</subfield>
  </datafield>
</record>