
<record>
  <leader>01087cam a2200289 a 4500</leader>
  <controlfield tag="001">REROILS:73</controlfield>
  <controlfield tag="005">20170520182200.0</controlfield>
  <controlfield tag="008">160126q1941    fr ||| |  ||||00|  |fre d</controlfield>
  <datafield tag="024" ind1="7" ind2=" ">
    <subfield code="a">http://catalogue.bnf.fr/ark:/12148/cb32521506m</subfield>
    <subfield code="2">uri</subfield>
  </datafield>
  <datafield tag="035" ind1=" " ind2=" ">
    <subfield code="a">R008349734</subfield>
  </datafield>
  <datafield tag="039" ind1=" " ind2="9">
    <subfield code="a">201705201822</subfield>
    <subfield code="b">VLOAD</subfield>
    <subfield code="y">201601261253</subfield>
    <subfield code="z">6028</subfield>
  </datafield>
  <datafield tag="040" ind1=" " ind2=" ">
    <subfield code="a">ZWZ</subfield>
    <subfield code="d">OCLCQ</subfield>
    <subfield code="d">RERO gevbge</subfield>
  </datafield>
  <datafield tag="072" ind1=" " ind2="7">
    <subfield code="a">s1zz</subfield>
    <subfield code="2">rero</subfield>
  </datafield>
  <datafield tag="100" ind1="1" ind2=" ">
    <subfield code="0">(RERO)A000134328</subfield>
    <subfield code="a">Pétain, Philippe</subfield>
    <subfield code="4">cre</subfield>
  </datafield>
  <datafield tag="245" ind1="1" ind2="0">
    <subfield code="a">Message du Maréchal Pétain, chef de l&apos;Etat :</subfield>
    <subfield code="b">12 Aout 1941</subfield>
  </datafield>
  <datafield tag="264" ind1=" " ind2="1">
    <subfield code="a">Aurillac :</subfield>
    <subfield code="b">Impr. moderne,</subfield>
    <subfield code="c">[1941?]</subfield>
  </datafield>
  <datafield tag="300" ind1=" " ind2=" ">
    <subfield code="a">14 p. ;</subfield>
    <subfield code="c">In-8</subfield>
  </datafield>
  <datafield tag="336" ind1=" " ind2=" ">
    <subfield code="b">txt</subfield>
    <subfield code="2">rdacontent</subfield>
  </datafield>
  <datafield tag="337" ind1=" " ind2=" ">
    <subfield code="b">n</subfield>
    <subfield code="2">rdamedia</subfield>
  </datafield>
  <datafield tag="338" ind1=" " ind2=" ">
    <subfield code="b">nc</subfield>
    <subfield code="2">rdacarrier</subfield>
  </datafield>
  <datafield tag="500" ind1=" " ind2=" ">
    <subfield code="a">[Légion française des combattants. Union départementale départemental Cantal]</subfield>
  </datafield>
  <datafield tag="500" ind1=" " ind2=" ">
    <subfield code="a">La couverture porte : &quot;La Légion demeure, en zone libre, le meilleur instrument de la Révolution mondiale.&quot;</subfield>
  </datafield>
  <datafield tag="900" ind1=" " ind2="1">
    <subfield code="a">OCoLC</subfield>
    <subfield code="b">20160126</subfield>
    <subfield code="c">Droits réservés</subfield>
  </datafield>
  <datafield tag="919" ind1=" " ind2=" ">
    <subfield code="a">France. Parti. Légion</subfield>
  </datafield>
  <datafield tag="919" ind1=" " ind2=" ">
    <subfield code="a">France. Politique générale après 1940</subfield>
  </datafield>
  <datafield tag="930" ind1=" " ind2=" ">
    <subfield code="a">(OCoLC) ocn495356174</subfield>
  </datafield>
  <datafield tag="957" ind1=" " ind2=" ">
    <subfield code="a">gevbge</subfield>
  </datafield>
</record>