
<record>
  <leader>00567nas a22001697a 4500</leader>
  <controlfield tag="001">REROILS:39</controlfield>
  <controlfield tag="005">20180704102600.0</controlfield>
  <controlfield tag="008">020320         sz |||m|  ||||0 |  0ger d</controlfield>
  <datafield tag="035" ind1=" " ind2=" ">
    <subfield code="a">R003167773</subfield>
  </datafield>
  <datafield tag="039" ind1=" " ind2="9">
    <subfield code="a">201807041026</subfield>
    <subfield code="b">VLOAD</subfield>
    <subfield code="c">201705181435</subfield>
    <subfield code="d">VLOAD</subfield>
    <subfield code="c">200605292139</subfield>
    <subfield code="d">VLOAD</subfield>
    <subfield code="c">200203251628</subfield>
    <subfield code="d">0132</subfield>
    <subfield code="y">200203201526</subfield>
    <subfield code="z">0132</subfield>
  </datafield>
  <datafield tag="040" ind1=" " ind2=" ">
    <subfield code="a">RERO frbcuc</subfield>
  </datafield>
  <datafield tag="044" ind1=" " ind2=" ">
    <subfield code="a">sz</subfield>
    <subfield code="c">ch-be</subfield>
  </datafield>
  <datafield tag="245" ind1="0" ind2="0">
    <subfield code="a">Wirkungsvolles Management :</subfield>
    <subfield code="b">eine Schriftenreihe für Unternehmer und ihre leitenden Mitarbeiter</subfield>
  </datafield>
  <datafield tag="264" ind1=" " ind2="1">
    <subfield code="a">Bern :</subfield>
    <subfield code="b">P. Haupt</subfield>
  </datafield>
  <datafield tag="336" ind1=" " ind2=" ">
    <subfield code="b">txt</subfield>
    <subfield code="2">rdacontent</subfield>
  </datafield>
  <datafield tag="337" ind1=" " ind2=" ">
    <subfield code="b">n</subfield>
    <subfield code="2">rdamedia</subfield>
  </datafield>
  <datafield tag="338" ind1=" " ind2=" ">
    <subfield code="b">nc</subfield>
    <subfield code="2">rdacarrier</subfield>
  </datafield>
</record>