
<record>
  <leader>01817nas a22004577a 4500</leader>
  <controlfield tag="001">REROILS:74</controlfield>
  <controlfield tag="005">20190705122700.0</controlfield>
  <controlfield tag="006">m    |</controlfield>
  <controlfield tag="007">c|</controlfield>
  <controlfield tag="008">101118c20039999lu |||p|  ||||0 |  |eng d</controlfield>
  <datafield tag="022" ind1=" " ind2=" ">
    <subfield code="a">1831-421X</subfield>
  </datafield>
  <datafield tag="024" ind1=" " ind2=" ">
    <subfield code="a">10.2779/48170</subfield>
  </datafield>
  <datafield tag="035" ind1=" " ind2=" ">
    <subfield code="a">R005717371</subfield>
  </datafield>
  <datafield tag="037" ind1=" " ind2=" ">
    <subfield code="c">Accès en texte intégral gratuit - laisdc</subfield>
  </datafield>
  <datafield tag="039" ind1=" " ind2="9">
    <subfield code="a">201907051227</subfield>
    <subfield code="b">VLOAD</subfield>
    <subfield code="c">201705300911</subfield>
    <subfield code="d">VLOAD</subfield>
    <subfield code="c">201311211519</subfield>
    <subfield code="d">VLOAD</subfield>
    <subfield code="c">201011181205</subfield>
    <subfield code="d">8713</subfield>
    <subfield code="y">201011181203</subfield>
    <subfield code="z">8713</subfield>
  </datafield>
  <datafield tag="040" ind1=" " ind2=" ">
    <subfield code="a">RERO ifisdc</subfield>
    <subfield code="d">BNE</subfield>
    <subfield code="d">HEBIS</subfield>
    <subfield code="d">LOC</subfield>
  </datafield>
  <datafield tag="050" ind1=" " ind2="0">
    <subfield code="a">GE190.E85</subfield>
    <subfield code="b">E55</subfield>
  </datafield>
  <datafield tag="072" ind1=" " ind2="7">
    <subfield code="a">s1ur</subfield>
    <subfield code="2">rero</subfield>
  </datafield>
  <datafield tag="080" ind1=" " ind2=" ">
    <subfield code="a">504.06:351.853(4-672 UE)</subfield>
  </datafield>
  <datafield tag="245" ind1="0" ind2="0">
    <subfield code="a">Environment policy review</subfield>
    <subfield code="h">[Ressource électronique] /</subfield>
    <subfield code="c">European Commission, Environment</subfield>
  </datafield>
  <datafield tag="264" ind1=" " ind2="1">
    <subfield code="a">Luxembourg :</subfield>
    <subfield code="b">Publications Office of the European Union</subfield>
  </datafield>
  <datafield tag="310" ind1=" " ind2=" ">
    <subfield code="a">Annuel</subfield>
  </datafield>
  <datafield tag="362" ind1="0" ind2=" ">
    <subfield code="a">2003-</subfield>
  </datafield>
  <datafield tag="500" ind1=" " ind2=" ">
    <subfield code="a">Catalogué d&apos;après la page d&apos;accueil du 18.11.2010</subfield>
  </datafield>
  <datafield tag="500" ind1=" " ind2=" ">
    <subfield code="a">Périodique électronique</subfield>
  </datafield>
  <datafield tag="530" ind1=" " ind2=" ">
    <subfield code="a">Existe aussi sous forme papier</subfield>
  </datafield>
  <datafield tag="580" ind1=" " ind2=" ">
    <subfield code="a">Ed. française: Examen de la politique de l&apos;environnement ... Ed. allemande: Überprufung der Umweltpolitik ...</subfield>
  </datafield>
  <datafield tag="650" ind1=" " ind2="0">
    <subfield code="a">Environmental policy</subfield>
    <subfield code="z">European Union countries</subfield>
  </datafield>
  <datafield tag="710" ind1="2" ind2=" ">
    <subfield code="0">(RERO)A000165998</subfield>
    <subfield code="a">Union européenne.</subfield>
    <subfield code="b">Commission</subfield>
  </datafield>
  <datafield tag="710" ind1="2" ind2=" ">
    <subfield code="0">(RERO)A000004163</subfield>
    <subfield code="a">Agence européenne pour l&apos;environnement</subfield>
  </datafield>
  <datafield tag="775" ind1="1" ind2=" ">
    <subfield code="t">Examen de la politique de l&apos;environnement ...</subfield>
    <subfield code="h">[Ressource électronique]</subfield>
  </datafield>
  <datafield tag="775" ind1="1" ind2=" ">
    <subfield code="t">Überprufung der Umweltpolitik ...</subfield>
    <subfield code="h">[Ressource électronique]</subfield>
  </datafield>
  <datafield tag="776" ind1="1" ind2=" ">
    <subfield code="t">Environment policy review</subfield>
  </datafield>
  <datafield tag="856" ind1="4" ind2=" ">
    <subfield code="u">http://ec.europa.eu/environment/policyreview.htm</subfield>
  </datafield>
  <datafield tag="903" ind1=" " ind2=" ">
    <subfield code="a">nwisdc</subfield>
    <subfield code="b">1011</subfield>
  </datafield>
  <datafield tag="919" ind1=" " ind2=" ">
    <subfield code="a">Países de la Unión Europea</subfield>
    <subfield code="x">Política ambiental</subfield>
  </datafield>
  <datafield tag="919" ind1=" " ind2=" ">
    <subfield code="a">EU-Staaten</subfield>
    <subfield code="2">stw</subfield>
  </datafield>
  <datafield tag="919" ind1=" " ind2=" ">
    <subfield code="a">EU-Umweltpolitik</subfield>
    <subfield code="2">stw</subfield>
  </datafield>
  <datafield tag="919" ind1=" " ind2=" ">
    <subfield code="a">Nachhaltige Entwicklung</subfield>
    <subfield code="2">stw</subfield>
  </datafield>
  <datafield tag="953" ind1=" " ind2=" ">
    <subfield code="a">ifisdc</subfield>
  </datafield>
  <datafield tag="980" ind1=" " ind2=" ">
    <subfield code="2">dr-sys</subfield>
    <subfield code="a">FA 59 f</subfield>
  </datafield>
</record>