
<record>
  <leader>01038nam a22003252a 4500</leader>
  <controlfield tag="001">REROILS:34</controlfield>
  <controlfield tag="005">20180403085400.0</controlfield>
  <controlfield tag="008">110218s2009    fr ||| |  ||||00|  |fre d</controlfield>
  <datafield tag="019" ind1=" " ind2=" ">
    <subfield code="a">Notice créée dans le cadre de la migration de la BM Delémont</subfield>
    <subfield code="9">jubmda/06.2011</subfield>
  </datafield>
  <datafield tag="035" ind1=" " ind2=" ">
    <subfield code="a">R006039723</subfield>
  </datafield>
  <datafield tag="039" ind1=" " ind2="9">
    <subfield code="a">201804030854</subfield>
    <subfield code="b">VLOAD</subfield>
    <subfield code="c">201707060016</subfield>
    <subfield code="d">VLOAD</subfield>
    <subfield code="c">201705301350</subfield>
    <subfield code="d">VLOAD</subfield>
    <subfield code="c">201511181435</subfield>
    <subfield code="d">7336</subfield>
    <subfield code="y">201106171626</subfield>
    <subfield code="z">VLOAD</subfield>
  </datafield>
  <datafield tag="040" ind1=" " ind2=" ">
    <subfield code="a">RERO jubmda</subfield>
  </datafield>
  <datafield tag="041" ind1="1" ind2=" ">
    <subfield code="a">fre</subfield>
    <subfield code="h">chi</subfield>
  </datafield>
  <datafield tag="072" ind1=" " ind2="7">
    <subfield code="a">s1or</subfield>
    <subfield code="2">rero</subfield>
  </datafield>
  <datafield tag="100" ind1="0" ind2=" ">
    <subfield code="0">(RERO)A000180012</subfield>
    <subfield code="a">Yu, Hua,</subfield>
    <subfield code="d">1960-</subfield>
    <subfield code="4">cre</subfield>
  </datafield>
  <datafield tag="245" ind1="1" ind2="0">
    <subfield code="a">Vivre ! :</subfield>
    <subfield code="b">roman /</subfield>
    <subfield code="c">Hua Yu</subfield>
  </datafield>
  <datafield tag="264" ind1=" " ind2="1">
    <subfield code="a">Arles :</subfield>
    <subfield code="b">Actes sud,</subfield>
    <subfield code="c">2009</subfield>
  </datafield>
  <datafield tag="300" ind1=" " ind2=" ">
    <subfield code="a">248 p. ;</subfield>
    <subfield code="c">18 cm</subfield>
  </datafield>
  <datafield tag="336" ind1=" " ind2=" ">
    <subfield code="b">txt</subfield>
    <subfield code="2">rdacontent</subfield>
  </datafield>
  <datafield tag="337" ind1=" " ind2=" ">
    <subfield code="b">n</subfield>
    <subfield code="2">rdamedia</subfield>
  </datafield>
  <datafield tag="338" ind1=" " ind2=" ">
    <subfield code="b">nc</subfield>
    <subfield code="2">rdacarrier</subfield>
  </datafield>
  <datafield tag="490" ind1="1" ind2=" ">
    <subfield code="a">Babel</subfield>
    <subfield code="v">880</subfield>
  </datafield>
  <datafield tag="830" ind1=" " ind2="0">
    <subfield code="a">Babel.</subfield>
    <subfield code="p">Actes sud</subfield>
    <subfield code="v">880</subfield>
    <subfield code="w">REROILS:35</subfield>
  </datafield>
  <datafield tag="902" ind1=" " ind2=" ">
    <subfield code="a">geulch</subfield>
    <subfield code="b">2015/11</subfield>
  </datafield>
  <datafield tag="904" ind1=" " ind2=" ">
    <subfield code="a">jubmdare op180416</subfield>
  </datafield>
  <datafield tag="957" ind1=" " ind2=" ">
    <subfield code="a">geullo</subfield>
  </datafield>
  <datafield tag="960" ind1=" " ind2=" ">
    <subfield code="a">jubmda</subfield>
  </datafield>
  <datafield tag="982" ind1=" " ind2=" ">
    <subfield code="2">ge-ulch</subfield>
    <subfield code="a">S.23 70.b YU/H Viv</subfield>
  </datafield>
  <datafield tag="984" ind1=" " ind2=" ">
    <subfield code="2">jubmd</subfield>
    <subfield code="a">CHINE</subfield>
    <subfield code="e">[Fiction]</subfield>
  </datafield>
  <datafield tag="992" ind1=" " ind2=" ">
    <subfield code="a">BFLA 265392</subfield>
    <subfield code="x">ge/ulch/a/2015/149</subfield>
  </datafield>
</record>