
<record>
  <leader>00817nam a2200253 a 4500</leader>
  <controlfield tag="001">REROILS:78</controlfield>
  <controlfield tag="005">20170517083400.0</controlfield>
  <controlfield tag="008">900530s1936    gw |||||| ||||00|| |ger d</controlfield>
  <datafield tag="035" ind1=" " ind2=" ">
    <subfield code="a">1248586</subfield>
  </datafield>
  <datafield tag="039" ind1=" " ind2="9">
    <subfield code="a">201705170834</subfield>
    <subfield code="b">VLOAD</subfield>
    <subfield code="c">201704011731</subfield>
    <subfield code="d">VLOAD</subfield>
    <subfield code="c">201209251722</subfield>
    <subfield code="d">VLOAD</subfield>
    <subfield code="c">200812222209</subfield>
    <subfield code="d">VLOAD</subfield>
    <subfield code="y">1999022815100000</subfield>
    <subfield code="z">load</subfield>
  </datafield>
  <datafield tag="040" ind1=" " ind2=" ">
    <subfield code="a">RERO lausst</subfield>
  </datafield>
  <datafield tag="072" ind1=" " ind2="7">
    <subfield code="a">s1st</subfield>
    <subfield code="2">rero</subfield>
  </datafield>
  <datafield tag="245" ind1="0" ind2="4">
    <subfield code="a">Das ausseralpine Westeuropa.</subfield>
    <subfield code="n">T. 3,</subfield>
    <subfield code="p">Die Struktur des Oberbaues und das Quartär Nordeuropas</subfield>
  </datafield>
  <datafield tag="264" ind1=" " ind2="1">
    <subfield code="a">Berlin :</subfield>
    <subfield code="b">Bornträger,</subfield>
    <subfield code="c">1936</subfield>
  </datafield>
  <datafield tag="300" ind1=" " ind2=" ">
    <subfield code="a">VIII, p. 1136-1603. :</subfield>
    <subfield code="b">ill. ;</subfield>
    <subfield code="c">26 cm</subfield>
  </datafield>
  <datafield tag="336" ind1=" " ind2=" ">
    <subfield code="b">txt</subfield>
    <subfield code="2">rdacontent</subfield>
  </datafield>
  <datafield tag="337" ind1=" " ind2=" ">
    <subfield code="b">n</subfield>
    <subfield code="2">rdamedia</subfield>
  </datafield>
  <datafield tag="338" ind1=" " ind2=" ">
    <subfield code="b">nc</subfield>
    <subfield code="2">rdacarrier</subfield>
  </datafield>
  <datafield tag="830" ind1=" " ind2="4">
    <subfield code="a">Das ausseralpine Westeuropa</subfield>
    <subfield code="v">3</subfield>
  </datafield>
  <datafield tag="956" ind1=" " ind2=" ">
    <subfield code="a">frbcuc</subfield>
  </datafield>
  <datafield tag="957" ind1=" " ind2=" ">
    <subfield code="a">gevbge</subfield>
  </datafield>
  <datafield tag="962" ind1=" " ind2=" ">
    <subfield code="a">neusge</subfield>
  </datafield>
  <datafield tag="981" ind1=" " ind2=" ">
    <subfield code="2">LC</subfield>
    <subfield code="a">QE26.EU</subfield>
  </datafield>
  <datafield tag="992" ind1=" " ind2=" ">
    <subfield code="a">BGE ZV 397/2/3</subfield>
    <subfield code="x">ge/vbge/x</subfield>
  </datafield>
</record>