
<record>
  <leader>00835cam a2200229 a 4500</leader>
  <controlfield tag="001">REROILS:82</controlfield>
  <controlfield tag="005">20170519112200.0</controlfield>
  <controlfield tag="008">070205m19599999fr |||||| ||||00|| |fre d</controlfield>
  <datafield tag="035" ind1=" " ind2=" ">
    <subfield code="a">R004324537</subfield>
  </datafield>
  <datafield tag="039" ind1=" " ind2="9">
    <subfield code="a">201705191122</subfield>
    <subfield code="b">VLOAD</subfield>
    <subfield code="c">200709192053</subfield>
    <subfield code="d">VLOAD</subfield>
    <subfield code="c">200702051249</subfield>
    <subfield code="d">6040</subfield>
    <subfield code="y">200702051237</subfield>
    <subfield code="z">6040</subfield>
  </datafield>
  <datafield tag="040" ind1=" " ind2=" ">
    <subfield code="a">RERO gevbpu</subfield>
  </datafield>
  <datafield tag="072" ind1=" " ind2="7">
    <subfield code="a">s1hs</subfield>
    <subfield code="2">rero</subfield>
  </datafield>
  <datafield tag="245" ind1="0" ind2="0">
    <subfield code="a">Armorial des chefs-lieux de canton du Département de L&apos;Aveyron /</subfield>
    <subfield code="c">textes historiques de Marc-André Fabre ; descriptions héraldiques et compositions graphiques de Robert Louis</subfield>
  </datafield>
  <datafield tag="264" ind1=" " ind2="1">
    <subfield code="a">Troyes :</subfield>
    <subfield code="b">La Renaissance,</subfield>
    <subfield code="c">1959-</subfield>
  </datafield>
  <datafield tag="300" ind1=" " ind2=" ">
    <subfield code="c">27 cm</subfield>
  </datafield>
  <datafield tag="336" ind1=" " ind2=" ">
    <subfield code="b">txt</subfield>
    <subfield code="2">rdacontent</subfield>
  </datafield>
  <datafield tag="337" ind1=" " ind2=" ">
    <subfield code="b">n</subfield>
    <subfield code="2">rdamedia</subfield>
  </datafield>
  <datafield tag="338" ind1=" " ind2=" ">
    <subfield code="b">nc</subfield>
    <subfield code="2">rdacarrier</subfield>
  </datafield>
  <datafield tag="505" ind1="0" ind2=" ">
    <subfield code="g">T. 1: Chefs-lieux de cantons</subfield>
  </datafield>
  <datafield tag="700" ind1="1" ind2=" ">
    <subfield code="0">(RERO)A003228182</subfield>
    <subfield code="a">Fabre, Marc-André</subfield>
  </datafield>
  <datafield tag="700" ind1="1" ind2=" ">
    <subfield code="0">(RERO)A003532579</subfield>
    <subfield code="a">Louis, Robert</subfield>
  </datafield>
  <datafield tag="957" ind1=" " ind2=" ">
    <subfield code="a">gevbge</subfield>
  </datafield>
</record>