
<record>
  <leader>01483nam a2200325 a 4500</leader>
  <controlfield tag="001">REROILS:33</controlfield>
  <controlfield tag="005">20181208155900.0</controlfield>
  <controlfield tag="008">001225s2000    bl |||||| ||||00|  |por d</controlfield>
  <datafield tag="019" ind1=" " ind2=" ">
    <subfield code="a">Niveau supérieur !</subfield>
    <subfield code="9">frbcuc/11.2000</subfield>
  </datafield>
  <datafield tag="035" ind1=" " ind2=" ">
    <subfield code="a">R278845660</subfield>
  </datafield>
  <datafield tag="039" ind1=" " ind2=" ">
    <subfield code="b">0011</subfield>
    <subfield code="b">0013i</subfield>
  </datafield>
  <datafield tag="039" ind1=" " ind2="9">
    <subfield code="a">201812081559</subfield>
    <subfield code="b">VLOAD</subfield>
    <subfield code="c">201808301618</subfield>
    <subfield code="d">VLOAD</subfield>
    <subfield code="c">201706111432</subfield>
    <subfield code="d">VLOAD</subfield>
    <subfield code="c">200909281347</subfield>
    <subfield code="d">6201</subfield>
    <subfield code="y">200012251140</subfield>
    <subfield code="z">VLOAD</subfield>
  </datafield>
  <datafield tag="040" ind1=" " ind2=" ">
    <subfield code="a">RERO frbcuc</subfield>
  </datafield>
  <datafield tag="041" ind1="0" ind2=" ">
    <subfield code="a">por</subfield>
    <subfield code="a">eng</subfield>
  </datafield>
  <datafield tag="072" ind1=" " ind2="7">
    <subfield code="a">s1ba</subfield>
    <subfield code="2">rero</subfield>
  </datafield>
  <datafield tag="245" ind1="0" ind2="0">
    <subfield code="a">Mostra do Redescobrimento /</subfield>
    <subfield code="c">Associação Brasil 500 Anos Artes Visuais ; [curador-geral Nelson Aguilar]</subfield>
  </datafield>
  <datafield tag="264" ind1=" " ind2="1">
    <subfield code="a">São Paulo :</subfield>
    <subfield code="b">Associação Brasil 500 Anos Artes Visuais :</subfield>
    <subfield code="b">Fundação Bienal de São Paulo,</subfield>
    <subfield code="c">2000</subfield>
  </datafield>
  <datafield tag="300" ind1=" " ind2=" ">
    <subfield code="a">13 vol. :</subfield>
    <subfield code="b">ill. ;</subfield>
    <subfield code="c">31 cm +</subfield>
    <subfield code="e">1 fasc. (versão abreviada) ; 23 cm</subfield>
  </datafield>
  <datafield tag="336" ind1=" " ind2=" ">
    <subfield code="b">txt</subfield>
    <subfield code="2">rdacontent</subfield>
  </datafield>
  <datafield tag="337" ind1=" " ind2=" ">
    <subfield code="b">n</subfield>
    <subfield code="2">rdamedia</subfield>
  </datafield>
  <datafield tag="338" ind1=" " ind2=" ">
    <subfield code="b">nc</subfield>
    <subfield code="2">rdacarrier</subfield>
  </datafield>
  <datafield tag="500" ind1=" " ind2=" ">
    <subfield code="a">Exposição, 23 de abril a 7 de setembro de 2000, Parque Ibirapuera, São Paulo, Pavilhão Lucas Nogueira Garcez, Pavilhão Ciccillo Matarozzo, Pavilhão Padre Manoel da Nóbrega</subfield>
  </datafield>
  <datafield tag="500" ind1=" " ind2=" ">
    <subfield code="a">Exposition. São Paulo. Parque Ibirapuera. 2000</subfield>
  </datafield>
  <datafield tag="650" ind1=" " ind2="7">
    <subfield code="0">(RERO)A022510436</subfield>
    <subfield code="a">Art brésilien</subfield>
    <subfield code="2">rero</subfield>
  </datafield>
  <datafield tag="655" ind1=" " ind2="7">
    <subfield code="0">(RERO)A021004924</subfield>
    <subfield code="a">[Catalogues d&apos;exposition]</subfield>
    <subfield code="2">rero</subfield>
  </datafield>
  <datafield tag="700" ind1="1" ind2=" ">
    <subfield code="0">(RERO)A006263405</subfield>
    <subfield code="a">Aguilar, Nelson</subfield>
  </datafield>
  <datafield tag="710" ind1="2" ind2=" ">
    <subfield code="0">(RERO)A006265133</subfield>
    <subfield code="a">Associação Brasil 500 Anos Artes Visuais (São Paulo)</subfield>
  </datafield>
  <datafield tag="919" ind1=" " ind2=" ">
    <subfield code="9">650 _7</subfield>
    <subfield code="a">art brésilien</subfield>
    <subfield code="v">[catalogue d&apos;exposition]</subfield>
    <subfield code="2">chrero</subfield>
  </datafield>
  <datafield tag="956" ind1=" " ind2=" ">
    <subfield code="a">frbcuc</subfield>
  </datafield>
  <datafield tag="957" ind1=" " ind2=" ">
    <subfield code="a">gevbaa</subfield>
  </datafield>
</record>