
<record>
  <leader>02160nam a2200409 a 4500</leader>
  <controlfield tag="001">REROILS:84</controlfield>
  <controlfield tag="005">20180901200500.0</controlfield>
  <controlfield tag="008">110714s2011    fr ||| |  ||||00|  |fre d</controlfield>
  <datafield tag="035" ind1=" " ind2=" ">
    <subfield code="a">R006102220</subfield>
  </datafield>
  <datafield tag="039" ind1=" " ind2="7">
    <subfield code="b">0060</subfield>
  </datafield>
  <datafield tag="039" ind1=" " ind2="9">
    <subfield code="a">201809012005</subfield>
    <subfield code="b">VLOAD</subfield>
    <subfield code="c">201707151555</subfield>
    <subfield code="d">VLOAD</subfield>
    <subfield code="c">201706110911</subfield>
    <subfield code="d">VLOAD</subfield>
    <subfield code="c">201501221454</subfield>
    <subfield code="d">0999</subfield>
    <subfield code="y">201107140852</subfield>
    <subfield code="z">0209</subfield>
  </datafield>
  <datafield tag="040" ind1=" " ind2=" ">
    <subfield code="a">RERO frbcuc</subfield>
  </datafield>
  <datafield tag="072" ind1=" " ind2="7">
    <subfield code="a">s1se</subfield>
    <subfield code="2">rero</subfield>
  </datafield>
  <datafield tag="072" ind1=" " ind2="7">
    <subfield code="a">s2dr</subfield>
    <subfield code="2">rero</subfield>
  </datafield>
  <datafield tag="245" ind1="0" ind2="3">
    <subfield code="a">La Convention multilatérale concernant l&apos;assistance administrative mutuelle en matière fiscale amendée par le protocole de 2010 /</subfield>
    <subfield code="c">[Organisation de coopération et de développement économiques]</subfield>
  </datafield>
  <datafield tag="264" ind1=" " ind2="1">
    <subfield code="a">Paris :</subfield>
    <subfield code="b">OCDE,</subfield>
    <subfield code="c">2011</subfield>
  </datafield>
  <datafield tag="300" ind1=" " ind2=" ">
    <subfield code="a">114 p.</subfield>
  </datafield>
  <datafield tag="336" ind1=" " ind2=" ">
    <subfield code="b">txt</subfield>
    <subfield code="2">rdacontent</subfield>
  </datafield>
  <datafield tag="337" ind1=" " ind2=" ">
    <subfield code="b">n</subfield>
    <subfield code="2">rdamedia</subfield>
  </datafield>
  <datafield tag="338" ind1=" " ind2=" ">
    <subfield code="b">nc</subfield>
    <subfield code="2">rdacarrier</subfield>
  </datafield>
  <datafield tag="610" ind1="2" ind2="7">
    <subfield code="0">(RERO)A009978862</subfield>
    <subfield code="a">Conseil de l&apos;Europe</subfield>
    <subfield code="2">rero</subfield>
  </datafield>
  <datafield tag="610" ind1="2" ind2="7">
    <subfield code="0">(RERO)A010015391</subfield>
    <subfield code="a">Organisation de coopération et de développement économiques</subfield>
    <subfield code="2">rero</subfield>
  </datafield>
  <datafield tag="650" ind1=" " ind2="7">
    <subfield code="0">(RERO)A021008650</subfield>
    <subfield code="a">Droit fiscal</subfield>
    <subfield code="2">rero</subfield>
  </datafield>
  <datafield tag="650" ind1=" " ind2="7">
    <subfield code="0">(RERO)A021008942</subfield>
    <subfield code="a">Procédure administrative</subfield>
    <subfield code="2">rero</subfield>
  </datafield>
  <datafield tag="650" ind1=" " ind2="7">
    <subfield code="0">(RERO)A010068704</subfield>
    <subfield code="a">coopération juridique internationale</subfield>
    <subfield code="2">rerovoc</subfield>
  </datafield>
  <datafield tag="650" ind1=" " ind2="7">
    <subfield code="0">(RERO)A021008711</subfield>
    <subfield code="a">Impôt - Recouvrement</subfield>
    <subfield code="2">rero</subfield>
  </datafield>
  <datafield tag="650" ind1=" " ind2="7">
    <subfield code="0">(RERO)A021017022</subfield>
    <subfield code="a">Entraide judiciaire internationale</subfield>
    <subfield code="2">rero</subfield>
  </datafield>
  <datafield tag="655" ind1=" " ind2="7">
    <subfield code="0">(RERO)A021007967</subfield>
    <subfield code="a">[Traités]</subfield>
    <subfield code="2">rero</subfield>
  </datafield>
  <datafield tag="710" ind1="2" ind2=" ">
    <subfield code="0">(RERO)A000125516</subfield>
    <subfield code="a">Organisation de coopération et de développement économiques (Paris)</subfield>
  </datafield>
  <datafield tag="902" ind1=" " ind2=" ">
    <subfield code="a">geuses</subfield>
    <subfield code="b">2011/09</subfield>
  </datafield>
  <datafield tag="919" ind1=" " ind2=" ">
    <subfield code="9">650 _7</subfield>
    <subfield code="a">droit fiscal</subfield>
    <subfield code="x">entraide judiciaire</subfield>
    <subfield code="x">procédure administrative</subfield>
    <subfield code="x">Conseil de l&apos;Europe</subfield>
    <subfield code="v">[traité international]</subfield>
    <subfield code="2">chrero</subfield>
  </datafield>
  <datafield tag="919" ind1=" " ind2=" ">
    <subfield code="9">650 _7</subfield>
    <subfield code="a">coopération juridique internationale</subfield>
    <subfield code="x">impôt - recouvrement</subfield>
    <subfield code="x">Conseil de l&apos;Europe</subfield>
    <subfield code="v">[traité international]</subfield>
    <subfield code="2">chrero</subfield>
  </datafield>
  <datafield tag="919" ind1=" " ind2=" ">
    <subfield code="9">650 _7</subfield>
    <subfield code="a">droit fiscal</subfield>
    <subfield code="x">entraide judiciaire</subfield>
    <subfield code="x">procédure administrative</subfield>
    <subfield code="x">Organisation de coopération et de développement économiques</subfield>
    <subfield code="v">[traité international]</subfield>
    <subfield code="2">chrero</subfield>
  </datafield>
  <datafield tag="919" ind1=" " ind2=" ">
    <subfield code="9">650 _7</subfield>
    <subfield code="a">coopération juridique internationale</subfield>
    <subfield code="x">impôt - recouvrement</subfield>
    <subfield code="x">Organisation de coopération et de développement économiques</subfield>
    <subfield code="v">[traité international]</subfield>
    <subfield code="2">chrero</subfield>
  </datafield>
  <datafield tag="956" ind1=" " ind2=" ">
    <subfield code="a">frbcuc</subfield>
  </datafield>
  <datafield tag="957" ind1=" " ind2=" ">
    <subfield code="a">geuses</subfield>
  </datafield>
  <datafield tag="982" ind1=" " ind2=" ">
    <subfield code="2">dew-geuses</subfield>
    <subfield code="a">336.2 CONc</subfield>
  </datafield>
</record>