
<record>
  <leader>01792nam a2200433 a 4500</leader>
  <controlfield tag="001">REROILS:31</controlfield>
  <controlfield tag="005">20170610131300.0</controlfield>
  <controlfield tag="008">000729s1985    gw |||||| ||||00|| |ger d</controlfield>
  <datafield tag="019" ind1=" " ind2=" ">
    <subfield code="a">Niveau supérieur !</subfield>
    <subfield code="9">rero/10.2004</subfield>
  </datafield>
  <datafield tag="020" ind1=" " ind2=" ">
    <subfield code="a">9783924859046</subfield>
  </datafield>
  <datafield tag="035" ind1=" " ind2=" ">
    <subfield code="a">0729772</subfield>
  </datafield>
  <datafield tag="039" ind1=" " ind2=" ">
    <subfield code="b">9400c</subfield>
  </datafield>
  <datafield tag="039" ind1=" " ind2="7">
    <subfield code="b">9101</subfield>
  </datafield>
  <datafield tag="039" ind1=" " ind2="9">
    <subfield code="a">201706101313</subfield>
    <subfield code="b">VLOAD</subfield>
    <subfield code="c">201001012038</subfield>
    <subfield code="d">8600</subfield>
    <subfield code="c">200812230909</subfield>
    <subfield code="d">VLOAD</subfield>
    <subfield code="c">200812220827</subfield>
    <subfield code="d">VLOAD</subfield>
    <subfield code="y">1999022803010000</subfield>
    <subfield code="z">load</subfield>
  </datafield>
  <datafield tag="040" ind1=" " ind2=" ">
    <subfield code="a">RERO laidap</subfield>
  </datafield>
  <datafield tag="072" ind1=" " ind2="7">
    <subfield code="a">s1sp</subfield>
    <subfield code="2">rero</subfield>
  </datafield>
  <datafield tag="072" ind1=" " ind2="7">
    <subfield code="a">s2ur</subfield>
    <subfield code="2">rero</subfield>
  </datafield>
  <datafield tag="100" ind1="1" ind2=" ">
    <subfield code="0">(RERO)A003462209</subfield>
    <subfield code="a">Knoepfel, Peter</subfield>
    <subfield code="4">cre</subfield>
  </datafield>
  <datafield tag="245" ind1="1" ind2="0">
    <subfield code="a">Luftreinhaltepolitik (stationäre Quellen) im internationalen Vergleich /</subfield>
    <subfield code="c">Peter Knoepfel, Helmut Weidner ; [Internationales Institut für Umwelt und Gesellschaft]</subfield>
  </datafield>
  <datafield tag="264" ind1=" " ind2="1">
    <subfield code="a">Berlin :</subfield>
    <subfield code="b">Ed. Sigma,</subfield>
    <subfield code="c">1985</subfield>
  </datafield>
  <datafield tag="300" ind1=" " ind2=" ">
    <subfield code="a">6 vol. ;</subfield>
    <subfield code="c">27 cm</subfield>
  </datafield>
  <datafield tag="336" ind1=" " ind2=" ">
    <subfield code="b">txt</subfield>
    <subfield code="2">rdacontent</subfield>
  </datafield>
  <datafield tag="337" ind1=" " ind2=" ">
    <subfield code="b">n</subfield>
    <subfield code="2">rdamedia</subfield>
  </datafield>
  <datafield tag="338" ind1=" " ind2=" ">
    <subfield code="b">nc</subfield>
    <subfield code="2">rdacarrier</subfield>
  </datafield>
  <datafield tag="650" ind1=" " ind2="7">
    <subfield code="0">(RERO)A010210583</subfield>
    <subfield code="a">lutte contre la pollution atmosphérique</subfield>
    <subfield code="2">rerovoc</subfield>
  </datafield>
  <datafield tag="650" ind1=" " ind2="7">
    <subfield code="0">(RERO)A010020101</subfield>
    <subfield code="a">pollution atmosphérique</subfield>
    <subfield code="2">rerovoc</subfield>
  </datafield>
  <datafield tag="650" ind1=" " ind2="7">
    <subfield code="0">(RERO)A021062725</subfield>
    <subfield code="a">Droit international</subfield>
    <subfield code="2">rero</subfield>
  </datafield>
  <datafield tag="650" ind1=" " ind2="7">
    <subfield code="0">(RERO)A021099995</subfield>
    <subfield code="a">Droit comparé</subfield>
    <subfield code="2">rero</subfield>
  </datafield>
  <datafield tag="651" ind1=" " ind2="7">
    <subfield code="0">(RERO)A009975209</subfield>
    <subfield code="a">Europe occidentale</subfield>
    <subfield code="2">rero</subfield>
  </datafield>
  <datafield tag="700" ind1="1" ind2=" ">
    <subfield code="0">(RERO)A003963644</subfield>
    <subfield code="a">Weidner, Helmut</subfield>
  </datafield>
  <datafield tag="710" ind1="2" ind2=" ">
    <subfield code="0">(RERO)A005360034</subfield>
    <subfield code="a">Internationales Institut für Umwelt und Gesellschaft (Berlin, West)</subfield>
  </datafield>
  <datafield tag="919" ind1=" " ind2=" ">
    <subfield code="9">650 _7</subfield>
    <subfield code="a">lutte contre la pollution atmosphérique</subfield>
    <subfield code="z">Europe occidentale</subfield>
    <subfield code="2">chrero</subfield>
  </datafield>
  <datafield tag="919" ind1=" " ind2=" ">
    <subfield code="9">650 _7</subfield>
    <subfield code="a">pollution atmosphérique</subfield>
    <subfield code="x">* droit international</subfield>
    <subfield code="2">chrero</subfield>
  </datafield>
  <datafield tag="919" ind1=" " ind2=" ">
    <subfield code="9">650 _7</subfield>
    <subfield code="a">pollution atmosphérique</subfield>
    <subfield code="x">* droit comparé</subfield>
    <subfield code="2">chrero</subfield>
  </datafield>
  <datafield tag="957" ind1=" " ind2=" ">
    <subfield code="a">geubfd</subfield>
  </datafield>
  <datafield tag="980" ind1=" " ind2=" ">
    <subfield code="2">dr-sys</subfield>
    <subfield code="a">A 59 h</subfield>
  </datafield>
  <datafield tag="982" ind1=" " ind2=" ">
    <subfield code="2">dr-geubfd</subfield>
    <subfield code="a">A 59 h KNOE 1985</subfield>
  </datafield>
  <datafield tag="992" ind1=" " ind2=" ">
    <subfield code="a">BFDB 1018</subfield>
    <subfield code="x">ge/ubfd/a/87/</subfield>
  </datafield>
  <datafield tag="992" ind1=" " ind2=" ">
    <subfield code="a">BFDB 1018</subfield>
    <subfield code="x">ge/ubfd/a/87/12</subfield>
  </datafield>
</record>