
<record>
  <leader>01167nas a2200265 a 4500</leader>
  <controlfield tag="001">REROILS:85</controlfield>
  <controlfield tag="005">20170516085500.0</controlfield>
  <controlfield tag="008">861021d19551969fr |||p|| ||||0 || 0fre d</controlfield>
  <datafield tag="035" ind1=" " ind2=" ">
    <subfield code="a">0765620</subfield>
  </datafield>
  <datafield tag="039" ind1=" " ind2="9">
    <subfield code="a">201705160855</subfield>
    <subfield code="b">VLOAD</subfield>
    <subfield code="c">200812211538</subfield>
    <subfield code="d">VLOAD</subfield>
    <subfield code="c">200605282057</subfield>
    <subfield code="d">VLOAD</subfield>
    <subfield code="c">200410122026</subfield>
    <subfield code="d">VLOAD</subfield>
    <subfield code="y">1999022803510000</subfield>
    <subfield code="z">load</subfield>
  </datafield>
  <datafield tag="040" ind1=" " ind2=" ">
    <subfield code="a">RERO neubfd</subfield>
  </datafield>
  <datafield tag="072" ind1=" " ind2="7">
    <subfield code="a">s1dr</subfield>
    <subfield code="2">rero</subfield>
  </datafield>
  <datafield tag="245" ind1="0" ind2="0">
    <subfield code="a">Bulletin de la Société internationale de défense sociale</subfield>
  </datafield>
  <datafield tag="264" ind1=" " ind2="1">
    <subfield code="a">Paris :</subfield>
    <subfield code="b">Cujas [puis] Société internationale de défense sociale,</subfield>
    <subfield code="c">1955-1970</subfield>
  </datafield>
  <datafield tag="300" ind1=" " ind2=" ">
    <subfield code="c">22 cm</subfield>
  </datafield>
  <datafield tag="336" ind1=" " ind2=" ">
    <subfield code="b">txt</subfield>
    <subfield code="2">rdacontent</subfield>
  </datafield>
  <datafield tag="337" ind1=" " ind2=" ">
    <subfield code="b">n</subfield>
    <subfield code="2">rdamedia</subfield>
  </datafield>
  <datafield tag="338" ind1=" " ind2=" ">
    <subfield code="b">nc</subfield>
    <subfield code="2">rdacarrier</subfield>
  </datafield>
  <datafield tag="362" ind1="0" ind2=" ">
    <subfield code="a">No 1(1955) - No 12(1969)</subfield>
  </datafield>
  <datafield tag="580" ind1=" " ind2=" ">
    <subfield code="a">Devient: Cahiers de défense sociale : Bulletin de la Société internationale de défense sociale = Bulletin of the International Society of Social Defence</subfield>
  </datafield>
  <datafield tag="710" ind1="2" ind2=" ">
    <subfield code="0">(RERO)A000152828</subfield>
    <subfield code="a">Société internationale de défense sociale</subfield>
  </datafield>
  <datafield tag="785" ind1="1" ind2="0">
    <subfield code="t">Cahiers de défense sociale : Bulletin de la Société internationale de défense sociale = Bulletin of the International Society of Social Defence</subfield>
  </datafield>
  <datafield tag="962" ind1=" " ind2=" ">
    <subfield code="a">neubfd</subfield>
  </datafield>
  <datafield tag="980" ind1=" " ind2=" ">
    <subfield code="2">dr-sys</subfield>
    <subfield code="a">A 87 f</subfield>
  </datafield>
  <datafield tag="984" ind1=" " ind2=" ">
    <subfield code="2">dr-neubfd</subfield>
    <subfield code="a">A 87 f CADS</subfield>
  </datafield>
</record>