
<record>
  <leader>01181nam a2200325 a 4500</leader>
  <controlfield tag="001">REROILS:86</controlfield>
  <controlfield tag="005">20171125194100.0</controlfield>
  <controlfield tag="008">050322s2002    gw ||| |  ||||00|  |ger d</controlfield>
  <datafield tag="020" ind1=" " ind2=" ">
    <subfield code="a">9783540675372</subfield>
  </datafield>
  <datafield tag="035" ind1=" " ind2=" ">
    <subfield code="a">R003812065</subfield>
  </datafield>
  <datafield tag="039" ind1=" " ind2="7">
    <subfield code="b">0705</subfield>
  </datafield>
  <datafield tag="039" ind1=" " ind2="9">
    <subfield code="a">201711251941</subfield>
    <subfield code="b">VLOAD</subfield>
    <subfield code="c">201706110743</subfield>
    <subfield code="d">VLOAD</subfield>
    <subfield code="c">201607041500</subfield>
    <subfield code="d">VLOAD</subfield>
    <subfield code="c">201605141543</subfield>
    <subfield code="d">VLOAD</subfield>
    <subfield code="y">200503221246</subfield>
    <subfield code="z">1510</subfield>
  </datafield>
  <datafield tag="040" ind1=" " ind2=" ">
    <subfield code="a">RERO vshevv</subfield>
  </datafield>
  <datafield tag="072" ind1=" " ind2="7">
    <subfield code="a">s1me</subfield>
    <subfield code="2">rero</subfield>
  </datafield>
  <datafield tag="245" ind1="0" ind2="0">
    <subfield code="a">Onkologische Krankenpflege /</subfield>
    <subfield code="c">Anita Margulies (Hrsg.) ... [et al.]</subfield>
  </datafield>
  <datafield tag="250" ind1=" " ind2=" ">
    <subfield code="a">3., neu überarb. und erw. Aufl.</subfield>
  </datafield>
  <datafield tag="264" ind1=" " ind2="1">
    <subfield code="a">Berlin [etc.] :</subfield>
    <subfield code="b">Springer,</subfield>
    <subfield code="c">2002</subfield>
  </datafield>
  <datafield tag="300" ind1=" " ind2=" ">
    <subfield code="a">XVIII, 1067 S. :</subfield>
    <subfield code="b">Ill., graph. Darst. ;</subfield>
    <subfield code="c">24 cm</subfield>
  </datafield>
  <datafield tag="336" ind1=" " ind2=" ">
    <subfield code="b">txt</subfield>
    <subfield code="2">rdacontent</subfield>
  </datafield>
  <datafield tag="337" ind1=" " ind2=" ">
    <subfield code="b">n</subfield>
    <subfield code="2">rdamedia</subfield>
  </datafield>
  <datafield tag="338" ind1=" " ind2=" ">
    <subfield code="b">nc</subfield>
    <subfield code="2">rdacarrier</subfield>
  </datafield>
  <datafield tag="650" ind1=" " ind2="7">
    <subfield code="0">(RERO)A021002754</subfield>
    <subfield code="a">Soins infirmiers</subfield>
    <subfield code="2">rero</subfield>
  </datafield>
  <datafield tag="650" ind1=" " ind2="7">
    <subfield code="0">(RERO)A021005825</subfield>
    <subfield code="a">Cancérologie</subfield>
    <subfield code="2">rero</subfield>
  </datafield>
  <datafield tag="655" ind1=" " ind2="7">
    <subfield code="0">(RERO)A022249905</subfield>
    <subfield code="a">[Études diverses]</subfield>
    <subfield code="2">rero</subfield>
  </datafield>
  <datafield tag="700" ind1="1" ind2=" ">
    <subfield code="0">(RERO)A011359927</subfield>
    <subfield code="a">Margulies, Anita</subfield>
  </datafield>
  <datafield tag="919" ind1=" " ind2=" ">
    <subfield code="9">650 _7</subfield>
    <subfield code="a">oncologie</subfield>
    <subfield code="x">soins infirmiers</subfield>
    <subfield code="v">[études diverses]</subfield>
    <subfield code="2">chrero</subfield>
  </datafield>
  <datafield tag="973" ind1=" " ind2=" ">
    <subfield code="a">vshevv</subfield>
  </datafield>
  <datafield tag="986" ind1=" " ind2=" ">
    <subfield code="2">brsw</subfield>
    <subfield code="a">Krebs &lt;Medizin&gt; ; Krankenpflege ; Aufsatzsammlung</subfield>
  </datafield>
  <datafield tag="986" ind1=" " ind2=" ">
    <subfield code="2">cdu-vshevv</subfield>
    <subfield code="a">616-006</subfield>
  </datafield>
  <datafield tag="996" ind1=" " ind2=" ">
    <subfield code="x">vs/hevv/a/4462</subfield>
  </datafield>
</record>