
<record>
  <leader>01045nas a2200313 a 4500</leader>
  <controlfield tag="001">REROILS:27</controlfield>
  <controlfield tag="005">20190705123000.0</controlfield>
  <controlfield tag="008">960525c19529999gw |||p|| ||||0 || 0ger d</controlfield>
  <datafield tag="019" ind1=" " ind2=" ">
    <subfield code="a">! Notices analytiques !</subfield>
    <subfield code="9">gewcc-/02.2010</subfield>
  </datafield>
  <datafield tag="022" ind1=" " ind2=" ">
    <subfield code="a">0029-8654</subfield>
  </datafield>
  <datafield tag="035" ind1=" " ind2=" ">
    <subfield code="a">0277034</subfield>
  </datafield>
  <datafield tag="039" ind1=" " ind2="9">
    <subfield code="a">201907051230</subfield>
    <subfield code="b">VLOAD</subfield>
    <subfield code="c">201811162015</subfield>
    <subfield code="d">VLOAD</subfield>
    <subfield code="c">201706101721</subfield>
    <subfield code="d">VLOAD</subfield>
    <subfield code="c">201403150914</subfield>
    <subfield code="d">VLOAD</subfield>
    <subfield code="y">1999022716400000</subfield>
    <subfield code="z">load</subfield>
  </datafield>
  <datafield tag="040" ind1=" " ind2=" ">
    <subfield code="a">RERO</subfield>
  </datafield>
  <datafield tag="072" ind1=" " ind2="7">
    <subfield code="a">s1th</subfield>
    <subfield code="2">rero</subfield>
  </datafield>
  <datafield tag="245" ind1="0" ind2="0">
    <subfield code="a">Ökumenische Rundschau</subfield>
  </datafield>
  <datafield tag="264" ind1=" " ind2="1">
    <subfield code="a">Stuttgart ;</subfield>
    <subfield code="a">[dann] Frankfurt/M</subfield>
  </datafield>
  <datafield tag="300" ind1=" " ind2=" ">
    <subfield code="c">22 cm</subfield>
  </datafield>
  <datafield tag="336" ind1=" " ind2=" ">
    <subfield code="b">txt</subfield>
    <subfield code="2">rdacontent</subfield>
  </datafield>
  <datafield tag="337" ind1=" " ind2=" ">
    <subfield code="b">n</subfield>
    <subfield code="2">rdamedia</subfield>
  </datafield>
  <datafield tag="338" ind1=" " ind2=" ">
    <subfield code="b">nc</subfield>
    <subfield code="2">rdacarrier</subfield>
  </datafield>
  <datafield tag="362" ind1="0" ind2=" ">
    <subfield code="a">Jg. 1(1952)-&gt;</subfield>
  </datafield>
  <datafield tag="580" ind1=" " ind2=" ">
    <subfield code="a">A pour suppl.: Beiheft zur Ökumenischen Rundschau</subfield>
  </datafield>
  <datafield tag="650" ind1=" " ind2="7">
    <subfield code="0">(RERO)A021062892</subfield>
    <subfield code="a">Oecuménisme</subfield>
    <subfield code="2">rero</subfield>
  </datafield>
  <datafield tag="655" ind1=" " ind2="7">
    <subfield code="0">(RERO)A021002597</subfield>
    <subfield code="a">[Périodiques]</subfield>
    <subfield code="2">rero</subfield>
  </datafield>
  <datafield tag="770" ind1="1" ind2=" ">
    <subfield code="t">Beiheft zur Ökumenischen Rundschau</subfield>
  </datafield>
  <datafield tag="919" ind1=" " ind2=" ">
    <subfield code="9">650 _7</subfield>
    <subfield code="a">oecuménisme</subfield>
    <subfield code="v">[périodique]</subfield>
    <subfield code="2">chrero</subfield>
  </datafield>
  <datafield tag="949" ind1=" " ind2=" ">
    <subfield code="A">VIRTUAITEM 121-015202</subfield>
    <subfield code="a">TG 1076</subfield>
    <subfield code="9">1964 et ss.</subfield>
    <subfield code="z">200706111455</subfield>
  </datafield>
  <datafield tag="956" ind1=" " ind2=" ">
    <subfield code="a">frbcuc</subfield>
  </datafield>
  <datafield tag="957" ind1=" " ind2=" ">
    <subfield code="a">gewcc-</subfield>
  </datafield>
</record>