
<record>
  <leader>01954nas a2200397 a 4500</leader>
  <controlfield tag="001">REROILS:87</controlfield>
  <controlfield tag="005">20190705131200.0</controlfield>
  <controlfield tag="008">040308c20039999sz |||p|| ||||0 || 0fre d</controlfield>
  <datafield tag="019" ind1=" " ind2=" ">
    <subfield code="a">Cat. d&apos;après la couv.</subfield>
    <subfield code="9">vsbcvs/12.1998</subfield>
  </datafield>
  <datafield tag="035" ind1=" " ind2=" ">
    <subfield code="a">R003597475</subfield>
  </datafield>
  <datafield tag="039" ind1=" " ind2="7">
    <subfield code="b">1000</subfield>
  </datafield>
  <datafield tag="039" ind1=" " ind2="9">
    <subfield code="a">201907051312</subfield>
    <subfield code="b">VLOAD</subfield>
    <subfield code="c">201811162313</subfield>
    <subfield code="d">VLOAD</subfield>
    <subfield code="c">201807031903</subfield>
    <subfield code="d">VLOAD</subfield>
    <subfield code="c">201706111602</subfield>
    <subfield code="d">VLOAD</subfield>
    <subfield code="y">200403080915</subfield>
    <subfield code="z">1000</subfield>
  </datafield>
  <datafield tag="040" ind1=" " ind2=" ">
    <subfield code="a">RERO vsbcvs</subfield>
  </datafield>
  <datafield tag="044" ind1=" " ind2=" ">
    <subfield code="a">sz</subfield>
    <subfield code="c">ch-vs</subfield>
  </datafield>
  <datafield tag="072" ind1=" " ind2="7">
    <subfield code="a">s1go</subfield>
    <subfield code="2">rero</subfield>
  </datafield>
  <datafield tag="245" ind1="0" ind2="3">
    <subfield code="a">La Vallée du Gd-St-Bernard :</subfield>
    <subfield code="b">Liddes et Bourg-St-Pierre vous informent...</subfield>
  </datafield>
  <datafield tag="264" ind1=" " ind2="1">
    <subfield code="a">Bourg-Saint-Pierre :</subfield>
    <subfield code="b">Office du tourisme ;</subfield>
    <subfield code="a">Liddes :</subfield>
    <subfield code="b">Office du tourisme,</subfield>
    <subfield code="c">2003-</subfield>
  </datafield>
  <datafield tag="264" ind1=" " ind2="3">
    <subfield code="a">Martigny :</subfield>
    <subfield code="b">Centre rhodanien d&apos;impr.</subfield>
  </datafield>
  <datafield tag="300" ind1=" " ind2=" ">
    <subfield code="c">30 cm</subfield>
  </datafield>
  <datafield tag="310" ind1=" " ind2=" ">
    <subfield code="a">Trimestriel</subfield>
  </datafield>
  <datafield tag="336" ind1=" " ind2=" ">
    <subfield code="b">txt</subfield>
    <subfield code="2">rdacontent</subfield>
  </datafield>
  <datafield tag="337" ind1=" " ind2=" ">
    <subfield code="b">n</subfield>
    <subfield code="2">rdamedia</subfield>
  </datafield>
  <datafield tag="338" ind1=" " ind2=" ">
    <subfield code="b">nc</subfield>
    <subfield code="2">rdacarrier</subfield>
  </datafield>
  <datafield tag="362" ind1="0" ind2=" ">
    <subfield code="a">Année 13, n° 49(juin 2003)-</subfield>
  </datafield>
  <datafield tag="580" ind1=" " ind2=" ">
    <subfield code="a">Suite de: SD Information : organe officiel d&apos;information des Offices du tourisme de Liddes et Bourg-Saint-Pierre, des Pro-loco et bibliothèques d&apos;Allein, Etroubles, Saint-Oyen et Saint-Rhémy-en-Bosses et l&apos;Agence de promotion touristique du Grand-Saint-Bernard</subfield>
  </datafield>
  <datafield tag="651" ind1=" " ind2="7">
    <subfield code="0">(RERO)A010056235</subfield>
    <subfield code="a">Bourg-Saint-Pierre (Suisse, VS)</subfield>
    <subfield code="2">rero</subfield>
  </datafield>
  <datafield tag="651" ind1=" " ind2="7">
    <subfield code="0">(RERO)A010108429</subfield>
    <subfield code="a">Liddes (Suisse, VS)</subfield>
    <subfield code="2">rero</subfield>
  </datafield>
  <datafield tag="655" ind1=" " ind2="7">
    <subfield code="0">(RERO)A021002597</subfield>
    <subfield code="a">[Périodiques]</subfield>
    <subfield code="2">rero</subfield>
  </datafield>
  <datafield tag="710" ind1="2" ind2=" ">
    <subfield code="0">(RERO)A003652907</subfield>
    <subfield code="a">Office du tourisme (Liddes)</subfield>
  </datafield>
  <datafield tag="710" ind1="2" ind2=" ">
    <subfield code="0">(RERO)A003652890</subfield>
    <subfield code="a">Office du tourisme (Bourg-Saint-Pierre)</subfield>
  </datafield>
  <datafield tag="780" ind1="1" ind2="0">
    <subfield code="t">SD Information : organe officiel d&apos;information des Offices du tourisme de Liddes et Bourg-Saint-Pierre, des Pro-loco et bibliothèques d&apos;Allein, Etroubles, Saint-Oyen et Saint-Rhémy-en-Bosses et l&apos;Agence de promotion touristique du Grand-Saint-Bernard</subfield>
  </datafield>
  <datafield tag="906" ind1=" " ind2=" ">
    <subfield code="a">bvs</subfield>
  </datafield>
  <datafield tag="906" ind1=" " ind2=" ">
    <subfield code="a">valais</subfield>
    <subfield code="b">2004/03</subfield>
  </datafield>
  <datafield tag="919" ind1=" " ind2=" ">
    <subfield code="9">651 _7</subfield>
    <subfield code="a">Bourg-Saint-Pierre (Suisse, VS)</subfield>
    <subfield code="v">[périodique]</subfield>
    <subfield code="2">chrero</subfield>
  </datafield>
  <datafield tag="919" ind1=" " ind2=" ">
    <subfield code="9">651 _7</subfield>
    <subfield code="a">Liddes (Suisse, VS)</subfield>
    <subfield code="v">[périodique]</subfield>
    <subfield code="2">chrero</subfield>
  </datafield>
  <datafield tag="973" ind1=" " ind2=" ">
    <subfield code="a">vsbcvs</subfield>
  </datafield>
</record>