
<record>
  <leader>01769cam a2200469 a 4500</leader>
  <controlfield tag="001">REROILS:11</controlfield>
  <controlfield tag="005">20181208095700.0</controlfield>
  <controlfield tag="008">961207s1978    be |||||| ||||00|| |fre d</controlfield>
  <datafield tag="020" ind1=" " ind2=" ">
    <subfield code="a">9782801700891</subfield>
  </datafield>
  <datafield tag="035" ind1=" " ind2=" ">
    <subfield code="a">0154986</subfield>
  </datafield>
  <datafield tag="039" ind1=" " ind2="9">
    <subfield code="a">201812080957</subfield>
    <subfield code="b">VLOAD</subfield>
    <subfield code="c">201808251419</subfield>
    <subfield code="d">VLOAD</subfield>
    <subfield code="c">201807261011</subfield>
    <subfield code="d">VLOAD</subfield>
    <subfield code="c">201711250804</subfield>
    <subfield code="d">VLOAD</subfield>
    <subfield code="y">1999022713580000</subfield>
    <subfield code="z">load</subfield>
  </datafield>
  <datafield tag="040" ind1=" " ind2=" ">
    <subfield code="a">RERO</subfield>
  </datafield>
  <datafield tag="041" ind1="1" ind2=" ">
    <subfield code="a">fre</subfield>
  </datafield>
  <datafield tag="072" ind1=" " ind2="7">
    <subfield code="a">s1gr</subfield>
    <subfield code="2">rero</subfield>
  </datafield>
  <datafield tag="072" ind1=" " ind2="7">
    <subfield code="a">s2ph</subfield>
    <subfield code="2">rero</subfield>
  </datafield>
  <datafield tag="100" ind1="1" ind2=" ">
    <subfield code="0">(RERO)A000048570</subfield>
    <subfield code="a">De Strycker, Emile</subfield>
    <subfield code="4">cre</subfield>
  </datafield>
  <datafield tag="245" ind1="1" ind2="0">
    <subfield code="a">Précis d&apos;histoire de la philosophie ancienne /</subfield>
    <subfield code="c">par Emile de Strycker ; trad. du néerlandais par J.M. Delanghe</subfield>
  </datafield>
  <datafield tag="264" ind1=" " ind2="1">
    <subfield code="a">Louvain :</subfield>
    <subfield code="b">Peeters ;</subfield>
    <subfield code="a">Louvain-la-Neuve :</subfield>
    <subfield code="b">Ed. de l&apos;Institut supérieur de philosophie,</subfield>
    <subfield code="c">1978</subfield>
  </datafield>
  <datafield tag="300" ind1=" " ind2=" ">
    <subfield code="a">VI, 244 p. ;</subfield>
    <subfield code="c">25 cm</subfield>
  </datafield>
  <datafield tag="336" ind1=" " ind2=" ">
    <subfield code="b">txt</subfield>
    <subfield code="2">rdacontent</subfield>
  </datafield>
  <datafield tag="337" ind1=" " ind2=" ">
    <subfield code="b">n</subfield>
    <subfield code="2">rdamedia</subfield>
  </datafield>
  <datafield tag="338" ind1=" " ind2=" ">
    <subfield code="b">nc</subfield>
    <subfield code="2">rdacarrier</subfield>
  </datafield>
  <datafield tag="490" ind1="1" ind2=" ">
    <subfield code="a">Bibliothèque philosophique de Louvain</subfield>
    <subfield code="v">25</subfield>
  </datafield>
  <datafield tag="650" ind1=" " ind2="7">
    <subfield code="0">(RERO)A021004135</subfield>
    <subfield code="a">Philosophie</subfield>
    <subfield code="2">rero</subfield>
  </datafield>
  <datafield tag="650" ind1=" " ind2="7">
    <subfield code="0">(RERO)A021017036</subfield>
    <subfield code="a">Antiquité</subfield>
    <subfield code="2">rero</subfield>
  </datafield>
  <datafield tag="650" ind1=" " ind2="7">
    <subfield code="0">(RERO)A021003850</subfield>
    <subfield code="a">Philosophie grecque</subfield>
    <subfield code="2">rero</subfield>
  </datafield>
  <datafield tag="655" ind1=" " ind2="7">
    <subfield code="0">(RERO)A021098695</subfield>
    <subfield code="a">[Manuels d&apos;enseignement]</subfield>
    <subfield code="2">rero</subfield>
  </datafield>
  <datafield tag="700" ind1="1" ind2=" ">
    <subfield code="0">(RERO)A003165484</subfield>
    <subfield code="a">Delanghe, J.M</subfield>
  </datafield>
  <datafield tag="830" ind1=" " ind2="0">
    <subfield code="a">Bibliothèque philosophique de Louvain</subfield>
    <subfield code="v">25</subfield>
    <subfield code="w">REROILS:12</subfield>
  </datafield>
  <datafield tag="919" ind1=" " ind2=" ">
    <subfield code="9">650 _7</subfield>
    <subfield code="a">philosophie grecque antique</subfield>
    <subfield code="v">[manuel]</subfield>
    <subfield code="2">chrero</subfield>
  </datafield>
  <datafield tag="919" ind1=" " ind2=" ">
    <subfield code="9">650 _7</subfield>
    <subfield code="a">philosophie</subfield>
    <subfield code="y">Antiquité</subfield>
    <subfield code="v">[manuel]</subfield>
    <subfield code="2">chrero</subfield>
  </datafield>
  <datafield tag="956" ind1=" " ind2=" ">
    <subfield code="a">frbcuc</subfield>
  </datafield>
  <datafield tag="957" ind1=" " ind2=" ">
    <subfield code="a">geulph gevbge</subfield>
  </datafield>
  <datafield tag="962" ind1=" " ind2=" ">
    <subfield code="a">neubfl</subfield>
  </datafield>
  <datafield tag="973" ind1=" " ind2=" ">
    <subfield code="a">vsbcvs vsbasm</subfield>
  </datafield>
  <datafield tag="981" ind1=" " ind2=" ">
    <subfield code="2">CDU</subfield>
    <subfield code="a">1&quot;-&quot;(09)</subfield>
  </datafield>
  <datafield tag="982" ind1=" " ind2=" ">
    <subfield code="2">ge-ulph</subfield>
    <subfield code="a">C 1 STRY Préc</subfield>
  </datafield>
  <datafield tag="984" ind1=" " ind2=" ">
    <subfield code="0">(RERO)3A000236328</subfield>
    <subfield code="2">cdu-neubfl-ph</subfield>
    <subfield code="a">1(091)&quot;-&quot;</subfield>
  </datafield>
  <datafield tag="986" ind1=" " ind2=" ">
    <subfield code="2">vs-basm</subfield>
    <subfield code="a">1&quot;_&quot;</subfield>
  </datafield>
  <datafield tag="992" ind1=" " ind2=" ">
    <subfield code="a">BGE ZT 1310/25</subfield>
    <subfield code="x">ge/vbge/a/79/64</subfield>
  </datafield>
  <datafield tag="992" ind1=" " ind2=" ">
    <subfield code="a">BFLA 248308</subfield>
    <subfield code="x">ge/ulph/a/FLt 10966</subfield>
  </datafield>
  <datafield tag="994" ind1=" " ind2=" ">
    <subfield code="a">NELA 34866</subfield>
    <subfield code="x">ne/ubfl/a</subfield>
  </datafield>
</record>