
<record>
  <leader>01086nam a2200301 a 4500</leader>
  <controlfield tag="001">REROILS:89</controlfield>
  <controlfield tag="005">20171125161800.0</controlfield>
  <controlfield tag="008">000924s1996    cc ||| |  ||||00|  |chi d</controlfield>
  <datafield tag="020" ind1=" " ind2=" ">
    <subfield code="a">9787538119800</subfield>
  </datafield>
  <datafield tag="035" ind1=" " ind2=" ">
    <subfield code="a">R268902960</subfield>
  </datafield>
  <datafield tag="039" ind1=" " ind2=" ">
    <subfield code="b">6507i</subfield>
  </datafield>
  <datafield tag="039" ind1=" " ind2="9">
    <subfield code="a">201711251618</subfield>
    <subfield code="b">VLOAD</subfield>
    <subfield code="c">201706111146</subfield>
    <subfield code="d">VLOAD</subfield>
    <subfield code="c">200812220530</subfield>
    <subfield code="d">VLOAD</subfield>
    <subfield code="c">200606080731</subfield>
    <subfield code="d">VLOAD</subfield>
    <subfield code="y">200009240915</subfield>
    <subfield code="z">VLOAD</subfield>
  </datafield>
  <datafield tag="040" ind1=" " ind2=" ">
    <subfield code="a">RERO gevmhn</subfield>
  </datafield>
  <datafield tag="072" ind1=" " ind2="7">
    <subfield code="a">s1zo</subfield>
    <subfield code="2">rero</subfield>
  </datafield>
  <datafield tag="100" ind1="1" ind2=" ">
    <subfield code="0">(RERO)A006071567</subfield>
    <subfield code="a">Xue, Wanqi</subfield>
    <subfield code="4">cre</subfield>
  </datafield>
  <datafield tag="245" ind1="1" ind2="0">
    <subfield code="a">Flies of China /</subfield>
    <subfield code="c">by Xue Wanqi (Hsue Wan-chi), Chao Chienming</subfield>
  </datafield>
  <datafield tag="264" ind1=" " ind2="1">
    <subfield code="a">Shenyang :</subfield>
    <subfield code="b">Liaoning Science and Technology Press,</subfield>
    <subfield code="c">1996</subfield>
  </datafield>
  <datafield tag="300" ind1=" " ind2=" ">
    <subfield code="a">2 vol. (2425 p.) :</subfield>
    <subfield code="b">ill. ;</subfield>
    <subfield code="c">27 cm</subfield>
  </datafield>
  <datafield tag="336" ind1=" " ind2=" ">
    <subfield code="b">txt</subfield>
    <subfield code="2">rdacontent</subfield>
  </datafield>
  <datafield tag="337" ind1=" " ind2=" ">
    <subfield code="b">n</subfield>
    <subfield code="2">rdamedia</subfield>
  </datafield>
  <datafield tag="338" ind1=" " ind2=" ">
    <subfield code="b">nc</subfield>
    <subfield code="2">rdacarrier</subfield>
  </datafield>
  <datafield tag="650" ind1=" " ind2="7">
    <subfield code="0">(RERO)A027246222</subfield>
    <subfield code="a">Diptera [Taxonomie]</subfield>
    <subfield code="2">rero</subfield>
  </datafield>
  <datafield tag="651" ind1=" " ind2="7">
    <subfield code="0">(RERO)A009975202</subfield>
    <subfield code="a">Chine (république populaire)</subfield>
    <subfield code="2">rero</subfield>
  </datafield>
  <datafield tag="700" ind1="1" ind2=" ">
    <subfield code="0">(RERO)A006071570</subfield>
    <subfield code="a">Chao, Chienming</subfield>
  </datafield>
  <datafield tag="902" ind1=" " ind2=" ">
    <subfield code="a">gevmhn</subfield>
    <subfield code="b">2000/05</subfield>
    <subfield code="c">800</subfield>
  </datafield>
  <datafield tag="919" ind1=" " ind2=" ">
    <subfield code="9">650 _7</subfield>
    <subfield code="a">Diptera</subfield>
    <subfield code="z">Chine (république populaire)</subfield>
    <subfield code="2">chrero</subfield>
  </datafield>
  <datafield tag="957" ind1=" " ind2=" ">
    <subfield code="a">gevmhn</subfield>
  </datafield>
  <datafield tag="992" ind1=" " ind2=" ">
    <subfield code="a">MHN DIP 264</subfield>
    <subfield code="x">ge/vmhn/a/2000/110</subfield>
  </datafield>
</record>