
<record>
  <leader>01317naa a2200325 a 4500</leader>
  <controlfield tag="001">REROILS:90</controlfield>
  <controlfield tag="005">20180828130700.0</controlfield>
  <controlfield tag="008">000828s1998    be |||||| ||||00|  |fre d</controlfield>
  <datafield tag="035" ind1=" " ind2=" ">
    <subfield code="a">R256762660</subfield>
  </datafield>
  <datafield tag="039" ind1=" " ind2=" ">
    <subfield code="b">0107</subfield>
    <subfield code="b">0111i</subfield>
  </datafield>
  <datafield tag="039" ind1=" " ind2="9">
    <subfield code="a">201808281307</subfield>
    <subfield code="b">VLOAD</subfield>
    <subfield code="c">201706110842</subfield>
    <subfield code="d">VLOAD</subfield>
    <subfield code="c">200812210812</subfield>
    <subfield code="d">VLOAD</subfield>
    <subfield code="c">200406152132</subfield>
    <subfield code="d">VLOAD</subfield>
    <subfield code="y">200008281450</subfield>
    <subfield code="z">VLOAD</subfield>
  </datafield>
  <datafield tag="040" ind1=" " ind2=" ">
    <subfield code="a">RERO frbcuc</subfield>
  </datafield>
  <datafield tag="072" ind1=" " ind2="7">
    <subfield code="a">s1dr</subfield>
    <subfield code="2">rero</subfield>
  </datafield>
  <datafield tag="100" ind1="1" ind2=" ">
    <subfield code="0">(RERO)A005758918</subfield>
    <subfield code="a">Delnoy, Michel</subfield>
    <subfield code="4">cre</subfield>
  </datafield>
  <datafield tag="245" ind1="1" ind2="3">
    <subfield code="a">Le CWATUP expliqué :</subfield>
    <subfield code="b">[le code wallon de l&apos;aménagement du territoire, de l&apos;urbanisme et du patrimoine] /</subfield>
    <subfield code="c">Michel Delnoy</subfield>
  </datafield>
  <datafield tag="264" ind1=" " ind2="1">
    <subfield code="a">Liège :</subfield>
    <subfield code="b">Ed. de la Chambre de commerce et d&apos;industrie,</subfield>
    <subfield code="c">1998</subfield>
  </datafield>
  <datafield tag="300" ind1=" " ind2=" ">
    <subfield code="a">287 p. ;</subfield>
    <subfield code="c">21 cm</subfield>
  </datafield>
  <datafield tag="336" ind1=" " ind2=" ">
    <subfield code="b">txt</subfield>
    <subfield code="2">rdacontent</subfield>
  </datafield>
  <datafield tag="337" ind1=" " ind2=" ">
    <subfield code="b">n</subfield>
    <subfield code="2">rdamedia</subfield>
  </datafield>
  <datafield tag="338" ind1=" " ind2=" ">
    <subfield code="b">nc</subfield>
    <subfield code="2">rdacarrier</subfield>
  </datafield>
  <datafield tag="650" ind1=" " ind2="7">
    <subfield code="0">(RERO)A021062870</subfield>
    <subfield code="a">Urbanisme</subfield>
    <subfield code="2">rero</subfield>
  </datafield>
  <datafield tag="650" ind1=" " ind2="7">
    <subfield code="0">(RERO)A021065409</subfield>
    <subfield code="a">Droit</subfield>
    <subfield code="2">rero</subfield>
  </datafield>
  <datafield tag="650" ind1=" " ind2="7">
    <subfield code="0">(RERO)A021003068</subfield>
    <subfield code="a">Aménagement du territoire</subfield>
    <subfield code="2">rero</subfield>
  </datafield>
  <datafield tag="651" ind1=" " ind2="7">
    <subfield code="0">(RERO)A010166361</subfield>
    <subfield code="a">Wallonie (Belgique)</subfield>
    <subfield code="2">rero</subfield>
  </datafield>
  <datafield tag="655" ind1=" " ind2="7">
    <subfield code="0">(RERO)A021098695</subfield>
    <subfield code="a">[Manuels d&apos;enseignement]</subfield>
    <subfield code="2">rero</subfield>
  </datafield>
  <datafield tag="901" ind1=" " ind2=" ">
    <subfield code="a">LAR BFD</subfield>
    <subfield code="b">1999/09</subfield>
    <subfield code="c">04</subfield>
  </datafield>
  <datafield tag="919" ind1=" " ind2=" ">
    <subfield code="9">650 _7</subfield>
    <subfield code="a">urbanisme</subfield>
    <subfield code="x">* droit</subfield>
    <subfield code="z">Wallonie (Belgique)</subfield>
    <subfield code="v">[manuel]</subfield>
    <subfield code="2">chrero</subfield>
  </datafield>
  <datafield tag="919" ind1=" " ind2=" ">
    <subfield code="9">650 _7</subfield>
    <subfield code="a">aménagement du territoire</subfield>
    <subfield code="x">* droit</subfield>
    <subfield code="z">Wallonie (Belgique)</subfield>
    <subfield code="v">[manuel]</subfield>
    <subfield code="2">chrero</subfield>
  </datafield>
  <datafield tag="956" ind1=" " ind2=" ">
    <subfield code="a">frbcuc</subfield>
  </datafield>
  <datafield tag="980" ind1=" " ind2=" ">
    <subfield code="2">dr-sys</subfield>
    <subfield code="a">CA/B 47 g</subfield>
  </datafield>
</record>