
<record>
  <leader>02123cas a2200517 a 4500</leader>
  <controlfield tag="001">REROILS:92</controlfield>
  <controlfield tag="005">20191208204600.0</controlfield>
  <controlfield tag="008">000913d19862018sz |||p|| ||||0 || 0fre d</controlfield>
  <datafield tag="019" ind1=" " ind2=" ">
    <subfield code="a">!!! Notices analytiques !!!</subfield>
    <subfield code="9">16.10.1995/geuceh/gbr</subfield>
  </datafield>
  <datafield tag="035" ind1=" " ind2=" ">
    <subfield code="a">1651754</subfield>
  </datafield>
  <datafield tag="039" ind1=" " ind2=" ">
    <subfield code="b">9400c</subfield>
  </datafield>
  <datafield tag="039" ind1=" " ind2="9">
    <subfield code="a">201912082046</subfield>
    <subfield code="b">VLOAD</subfield>
    <subfield code="c">201811162059</subfield>
    <subfield code="d">VLOAD</subfield>
    <subfield code="c">201810021313</subfield>
    <subfield code="d">VLOAD</subfield>
    <subfield code="c">201808271146</subfield>
    <subfield code="d">VLOAD</subfield>
    <subfield code="y">1999030100370000</subfield>
    <subfield code="z">load</subfield>
  </datafield>
  <datafield tag="040" ind1=" " ind2=" ">
    <subfield code="a">RERO gevbpu</subfield>
  </datafield>
  <datafield tag="044" ind1=" " ind2=" ">
    <subfield code="a">sz</subfield>
    <subfield code="c">ch-ne</subfield>
  </datafield>
  <datafield tag="072" ind1=" " ind2="7">
    <subfield code="a">s1sg</subfield>
    <subfield code="2">rero</subfield>
  </datafield>
  <datafield tag="245" ind1="0" ind2="0">
    <subfield code="a">Bulletin de l&apos;ARPEA /</subfield>
    <subfield code="c">Association romande pour la protection des eaux et de l&apos;air</subfield>
  </datafield>
  <datafield tag="264" ind1=" " ind2="1">
    <subfield code="a">Hauterive :</subfield>
    <subfield code="b">ARPEA</subfield>
  </datafield>
  <datafield tag="300" ind1=" " ind2=" ">
    <subfield code="c">21 cm</subfield>
  </datafield>
  <datafield tag="310" ind1=" " ind2=" ">
    <subfield code="a">Bimestriel</subfield>
  </datafield>
  <datafield tag="336" ind1=" " ind2=" ">
    <subfield code="b">txt</subfield>
    <subfield code="2">rdacontent</subfield>
  </datafield>
  <datafield tag="337" ind1=" " ind2=" ">
    <subfield code="b">n</subfield>
    <subfield code="2">rdamedia</subfield>
  </datafield>
  <datafield tag="338" ind1=" " ind2=" ">
    <subfield code="b">nc</subfield>
    <subfield code="2">rdacarrier</subfield>
  </datafield>
  <datafield tag="362" ind1="0" ind2=" ">
    <subfield code="a">Année 22, no 134(1986)-Année 53, no 275(2018)</subfield>
  </datafield>
  <datafield tag="500" ind1=" " ind2=" ">
    <subfield code="a">Sous-titre du no 167 au no 169(1991): informer sur l&apos;environnement en Suisse romande</subfield>
  </datafield>
  <datafield tag="500" ind1=" " ind2=" ">
    <subfield code="a">Sous-titre dès le no 170(1992): le journal de l&apos;environnement en Suisse romande</subfield>
  </datafield>
  <datafield tag="580" ind1=" " ind2=" ">
    <subfield code="a">Fait suite à: Bulletin de l&apos;Association romande pour la protection des eaux et de l&apos;air</subfield>
  </datafield>
  <datafield tag="580" ind1=" " ind2=" ">
    <subfield code="a">Devient : Arpea mag</subfield>
  </datafield>
  <datafield tag="650" ind1=" " ind2="7">
    <subfield code="0">(RERO)A010040656</subfield>
    <subfield code="a">air - protection</subfield>
    <subfield code="2">rerovoc</subfield>
  </datafield>
  <datafield tag="650" ind1=" " ind2="7">
    <subfield code="0">(RERO)A021001744</subfield>
    <subfield code="a">Eau</subfield>
    <subfield code="2">rero</subfield>
  </datafield>
  <datafield tag="650" ind1=" " ind2="7">
    <subfield code="0">(RERO)A021002412</subfield>
    <subfield code="a">Pollution</subfield>
    <subfield code="2">rero</subfield>
  </datafield>
  <datafield tag="650" ind1=" " ind2="7">
    <subfield code="0">(RERO)A021100123</subfield>
    <subfield code="a">Lutte contre</subfield>
    <subfield code="2">rero</subfield>
  </datafield>
  <datafield tag="655" ind1=" " ind2="7">
    <subfield code="0">(RERO)A021002597</subfield>
    <subfield code="a">[Périodiques]</subfield>
    <subfield code="2">rero</subfield>
  </datafield>
  <datafield tag="710" ind1="2" ind2=" ">
    <subfield code="0">(RERO)A000012748</subfield>
    <subfield code="a">Association romande pour la protection des eaux et de l&apos;air</subfield>
  </datafield>
  <datafield tag="780" ind1="1" ind2="0">
    <subfield code="t">Bulletin de l&apos;Association romande pour la protection des eaux et de l&apos;air</subfield>
  </datafield>
  <datafield tag="785" ind1="1" ind2="0">
    <subfield code="t">Arpea mag : Association romande pour la protection de l&apos;environnement</subfield>
  </datafield>
  <datafield tag="919" ind1=" " ind2=" ">
    <subfield code="9">650 _7</subfield>
    <subfield code="a">air - protection</subfield>
    <subfield code="v">[périodique]</subfield>
    <subfield code="2">chrero</subfield>
  </datafield>
  <datafield tag="919" ind1=" " ind2=" ">
    <subfield code="9">650 _7</subfield>
    <subfield code="a">eau - protection</subfield>
    <subfield code="v">[périodique]</subfield>
    <subfield code="2">chrero</subfield>
  </datafield>
  <datafield tag="957" ind1=" " ind2=" ">
    <subfield code="a">geuise gevbge</subfield>
  </datafield>
  <datafield tag="962" ind1=" " ind2=" ">
    <subfield code="a">nebpun neushy</subfield>
  </datafield>
  <datafield tag="973" ind1=" " ind2=" ">
    <subfield code="a">vsbcvs</subfield>
  </datafield>
  <datafield tag="982" ind1=" " ind2=" ">
    <subfield code="2">ge-usst</subfield>
    <subfield code="a">Forel Périod. SUI 1</subfield>
  </datafield>
  <datafield tag="984" ind1=" " ind2=" ">
    <subfield code="2">ne-ushy</subfield>
    <subfield code="a">P 57</subfield>
  </datafield>
  <datafield tag="992" ind1=" " ind2=" ">
    <subfield code="a">SSTP 913</subfield>
    <subfield code="x">ge/usst/e</subfield>
  </datafield>
  <datafield tag="992" ind1=" " ind2=" ">
    <subfield code="a">BGE Rd 567</subfield>
    <subfield code="x">ge/vbge/d/76/441</subfield>
  </datafield>
  <datafield tag="994" ind1=" " ind2=" ">
    <subfield code="a">BPUN QU 636</subfield>
    <subfield code="x">ne/bpun/d</subfield>
  </datafield>
  <datafield tag="994" ind1=" " ind2=" ">
    <subfield code="a">P 57</subfield>
    <subfield code="x">ne/us--/a/- 134(1986)-&gt; [Incomplet.]</subfield>
  </datafield>
</record>