
<record>
  <leader>01537nas a2200349 a 4500</leader>
  <controlfield tag="001">REROILS:94</controlfield>
  <controlfield tag="005">20170517133200.0</controlfield>
  <controlfield tag="008">910828d18871893xxu|||p|| ||||0 || 0eng d</controlfield>
  <datafield tag="035" ind1=" " ind2=" ">
    <subfield code="a">1420194</subfield>
  </datafield>
  <datafield tag="039" ind1=" " ind2="9">
    <subfield code="a">201705171332</subfield>
    <subfield code="b">VLOAD</subfield>
    <subfield code="c">201411111240</subfield>
    <subfield code="d">6066</subfield>
    <subfield code="c">200812221052</subfield>
    <subfield code="d">VLOAD</subfield>
    <subfield code="c">200812212018</subfield>
    <subfield code="d">VLOAD</subfield>
    <subfield code="y">1999022819110000</subfield>
    <subfield code="z">load</subfield>
  </datafield>
  <datafield tag="040" ind1=" " ind2=" ">
    <subfield code="a">RERO geusob</subfield>
  </datafield>
  <datafield tag="072" ind1=" " ind2="7">
    <subfield code="a">s1as</subfield>
    <subfield code="2">rero</subfield>
  </datafield>
  <datafield tag="245" ind1="0" ind2="0">
    <subfield code="a">Observations made during the year... at the United States Naval Observatory</subfield>
  </datafield>
  <datafield tag="246" ind1="3" ind2=" ">
    <subfield code="a">Washington observations</subfield>
  </datafield>
  <datafield tag="246" ind1="3" ind2=" ">
    <subfield code="a">Washington astronomical observations</subfield>
  </datafield>
  <datafield tag="264" ind1=" " ind2="1">
    <subfield code="a">Washington D.C. :</subfield>
    <subfield code="b">Government Printing Office,</subfield>
    <subfield code="c">1887-1893</subfield>
  </datafield>
  <datafield tag="300" ind1=" " ind2=" ">
    <subfield code="c">30 [puis] 29 cm</subfield>
  </datafield>
  <datafield tag="310" ind1=" " ind2=" ">
    <subfield code="a">Annuel</subfield>
  </datafield>
  <datafield tag="336" ind1=" " ind2=" ">
    <subfield code="b">txt</subfield>
    <subfield code="2">rdacontent</subfield>
  </datafield>
  <datafield tag="337" ind1=" " ind2=" ">
    <subfield code="b">n</subfield>
    <subfield code="2">rdamedia</subfield>
  </datafield>
  <datafield tag="338" ind1=" " ind2=" ">
    <subfield code="b">nc</subfield>
    <subfield code="2">rdacarrier</subfield>
  </datafield>
  <datafield tag="362" ind1="0" ind2=" ">
    <subfield code="a">1883(1887)-1889(1893)</subfield>
  </datafield>
  <datafield tag="580" ind1=" " ind2=" ">
    <subfield code="a">Fait suite à : Astronomical and meteorological observations made during the year... at the United States Naval Observatory</subfield>
  </datafield>
  <datafield tag="580" ind1=" " ind2=" ">
    <subfield code="a">Devient: Astronomical, magnetic and meteorological Observations made during the year... at the United States Naval Observatory</subfield>
  </datafield>
  <datafield tag="710" ind1="2" ind2=" ">
    <subfield code="0">(RERO)A000167475</subfield>
    <subfield code="a">United States.</subfield>
    <subfield code="b">Naval Observatory</subfield>
  </datafield>
  <datafield tag="780" ind1="1" ind2="0">
    <subfield code="t">Astronomical and meteorological observations made during the year... at the United States Naval Observatory</subfield>
  </datafield>
  <datafield tag="785" ind1="1" ind2="0">
    <subfield code="t">Astronomical, magnetic and meteorological observations made during the year... at the United States Naval Observatory</subfield>
  </datafield>
  <datafield tag="957" ind1=" " ind2=" ">
    <subfield code="a">geusob</subfield>
  </datafield>
  <datafield tag="962" ind1=" " ind2=" ">
    <subfield code="a">nebpun</subfield>
  </datafield>
  <datafield tag="982" ind1=" " ind2=" ">
    <subfield code="2">ge-usob</subfield>
    <subfield code="a">73/140</subfield>
  </datafield>
  <datafield tag="992" ind1=" " ind2=" ">
    <subfield code="a">OBSP 155</subfield>
    <subfield code="x">ge/usob/d</subfield>
  </datafield>
  <datafield tag="994" ind1=" " ind2=" ">
    <subfield code="a">BPUN PV 164</subfield>
    <subfield code="x">ne/snat/x</subfield>
  </datafield>
</record>