
<record>
  <leader>00965nas a22002652a 4500</leader>
  <controlfield tag="001">REROILS:18</controlfield>
  <controlfield tag="005">20191218163700.0</controlfield>
  <controlfield tag="008">020919d19612002xxu|||p|  ||||0 |  0eng d</controlfield>
  <datafield tag="022" ind1=" " ind2=" ">
    <subfield code="a">0544-0653</subfield>
  </datafield>
  <datafield tag="035" ind1=" " ind2=" ">
    <subfield code="a">R003242533</subfield>
  </datafield>
  <datafield tag="039" ind1=" " ind2="9">
    <subfield code="a">201912181637</subfield>
    <subfield code="b">7666</subfield>
    <subfield code="c">201705181303</subfield>
    <subfield code="d">VLOAD</subfield>
    <subfield code="c">201210191729</subfield>
    <subfield code="d">VLOAD</subfield>
    <subfield code="c">200605271338</subfield>
    <subfield code="d">VLOAD</subfield>
    <subfield code="y">200209190945</subfield>
    <subfield code="z">7350</subfield>
  </datafield>
  <datafield tag="040" ind1=" " ind2=" ">
    <subfield code="a">RERO geuth-</subfield>
  </datafield>
  <datafield tag="072" ind1=" " ind2="7">
    <subfield code="a">s1th</subfield>
    <subfield code="2">rero</subfield>
  </datafield>
  <datafield tag="245" ind1="0" ind2="0">
    <subfield code="a">Mid-stream :</subfield>
    <subfield code="b">an ecumenical journal /</subfield>
    <subfield code="c">publ. by the Council on Christian Unity of the Christian Church (Disciples of Christ)</subfield>
  </datafield>
  <datafield tag="264" ind1=" " ind2="1">
    <subfield code="a">Indianapolis, Ind. :</subfield>
    <subfield code="b">Council on Christian Unity of the Christian Church,</subfield>
    <subfield code="c">1961-2002</subfield>
  </datafield>
  <datafield tag="300" ind1=" " ind2=" ">
    <subfield code="c">23 cm</subfield>
  </datafield>
  <datafield tag="310" ind1=" " ind2=" ">
    <subfield code="a">Trimestriel</subfield>
  </datafield>
  <datafield tag="336" ind1=" " ind2=" ">
    <subfield code="b">txt</subfield>
    <subfield code="2">rdacontent</subfield>
  </datafield>
  <datafield tag="337" ind1=" " ind2=" ">
    <subfield code="b">n</subfield>
    <subfield code="2">rdamedia</subfield>
  </datafield>
  <datafield tag="338" ind1=" " ind2=" ">
    <subfield code="b">nc</subfield>
    <subfield code="2">rdacarrier</subfield>
  </datafield>
  <datafield tag="362" ind1="0" ind2=" ">
    <subfield code="a">Vol. 1(1961/62)-vol. 41(2002)</subfield>
  </datafield>
  <datafield tag="580" ind1=" " ind2=" ">
    <subfield code="a">Succeeding title : Call to unity</subfield>
  </datafield>
  <datafield tag="710" ind1="2" ind2=" ">
    <subfield code="0">(RERO)A011629946</subfield>
    <subfield code="a">Council on Christian Unity (United States)</subfield>
  </datafield>
  <datafield tag="785" ind1="1" ind2="0">
    <subfield code="t">Call to unity</subfield>
  </datafield>
  <datafield tag="957" ind1=" " ind2=" ">
    <subfield code="a">gewcc-</subfield>
  </datafield>
</record>