
<record>
  <leader>01529nam a2200373 a 4500</leader>
  <controlfield tag="001">REROILS:96</controlfield>
  <controlfield tag="005">20180614113600.0</controlfield>
  <controlfield tag="008">120315s1745    ne ||| |  ||||00|  |fre d</controlfield>
  <datafield tag="019" ind1=" " ind2=" ">
    <subfield code="a">Cat. selon SBB</subfield>
    <subfield code="9">frbcuc/03.2012</subfield>
  </datafield>
  <datafield tag="024" ind1="7" ind2=" ">
    <subfield code="a">http://catalogue.bnf.fr/ark:/12148/cb30760090m</subfield>
    <subfield code="2">uri</subfield>
  </datafield>
  <datafield tag="035" ind1=" " ind2=" ">
    <subfield code="a">R007021447</subfield>
  </datafield>
  <datafield tag="039" ind1=" " ind2="9">
    <subfield code="a">201806141136</subfield>
    <subfield code="b">6006</subfield>
    <subfield code="c">201705311750</subfield>
    <subfield code="d">VLOAD</subfield>
    <subfield code="y">201203150817</subfield>
    <subfield code="z">0132</subfield>
  </datafield>
  <datafield tag="040" ind1=" " ind2=" ">
    <subfield code="a">RERO frbcuc</subfield>
  </datafield>
  <datafield tag="072" ind1=" " ind2="7">
    <subfield code="a">s1fr</subfield>
    <subfield code="2">rero</subfield>
  </datafield>
  <datafield tag="100" ind1="1" ind2=" ">
    <subfield code="0">(RERO)A012398103</subfield>
    <subfield code="a">Le Blanc, Jean-Bernard,</subfield>
    <subfield code="c">Abbé</subfield>
    <subfield code="4">cre</subfield>
  </datafield>
  <datafield tag="245" ind1="1" ind2="0">
    <subfield code="a">Lettres d&apos;un François</subfield>
  </datafield>
  <datafield tag="246" ind1="3" ind2=" ">
    <subfield code="a">Lettres d&apos;un Français</subfield>
  </datafield>
  <datafield tag="264" ind1=" " ind2="1">
    <subfield code="a">A La Haye :</subfield>
    <subfield code="b">chez Jean Néaulme, libraire,</subfield>
    <subfield code="c">1745</subfield>
  </datafield>
  <datafield tag="300" ind1=" " ind2=" ">
    <subfield code="a">3 vol. ([4], II, [2], 327 p.) ([4], II, 357 p.) ([4], II, 380, [2] p.) ;</subfield>
    <subfield code="c">12° (17 cm)</subfield>
  </datafield>
  <datafield tag="336" ind1=" " ind2=" ">
    <subfield code="b">txt</subfield>
    <subfield code="2">rdacontent</subfield>
  </datafield>
  <datafield tag="337" ind1=" " ind2=" ">
    <subfield code="b">n</subfield>
    <subfield code="2">rdamedia</subfield>
  </datafield>
  <datafield tag="338" ind1=" " ind2=" ">
    <subfield code="b">nc</subfield>
    <subfield code="2">rdacarrier</subfield>
  </datafield>
  <datafield tag="500" ind1=" " ind2=" ">
    <subfield code="a">L&apos;auteur est Jean-Bernard Le Blanc</subfield>
  </datafield>
  <datafield tag="510" ind1="3" ind2=" ">
    <subfield code="a">Conlon 45:952</subfield>
  </datafield>
  <datafield tag="583" ind1=" " ind2=" ">
    <subfield code="5">gevbge BGE JDC 1349</subfield>
    <subfield code="z">1</subfield>
  </datafield>
  <datafield tag="700" ind1="1" ind2=" ">
    <subfield code="0">(RERO)A000123292</subfield>
    <subfield code="a">Néaulme, Jean</subfield>
    <subfield code="4">prt</subfield>
  </datafield>
  <datafield tag="752" ind1=" " ind2=" ">
    <subfield code="0">(RERO)A000000119</subfield>
    <subfield code="d">Den Haag (1450-1800, lieu d&apos;édition ou d&apos;impression)</subfield>
  </datafield>
  <datafield tag="856" ind1="4" ind2="1">
    <subfield code="3">Texte intégral</subfield>
    <subfield code="u">http://reader.digitale-sammlungen.de/resolve/display/bsb10280564.html</subfield>
    <subfield code="z">Vol. 1</subfield>
  </datafield>
  <datafield tag="856" ind1="4" ind2="1">
    <subfield code="3">Texte intégral</subfield>
    <subfield code="u">http://reader.digitale-sammlungen.de/resolve/display/bsb10280565.html</subfield>
    <subfield code="z">Vol. 2</subfield>
  </datafield>
  <datafield tag="856" ind1="4" ind2="1">
    <subfield code="3">Texte intégral</subfield>
    <subfield code="u">http://reader.digitale-sammlungen.de/resolve/display/bsb10280566.html</subfield>
    <subfield code="z">Vol. 3</subfield>
  </datafield>
  <datafield tag="956" ind1=" " ind2=" ">
    <subfield code="a">frbcuc</subfield>
  </datafield>
  <datafield tag="957" ind1=" " ind2=" ">
    <subfield code="a">gevbge</subfield>
  </datafield>
  <datafield tag="980" ind1=" " ind2=" ">
    <subfield code="2">brp</subfield>
    <subfield code="a">452.D.6</subfield>
  </datafield>
  <datafield tag="992" ind1=" " ind2=" ">
    <subfield code="a">BGE JDC 1349</subfield>
    <subfield code="x">ge/vbge/a/A2018/1</subfield>
  </datafield>
</record>