
<record>
  <leader>00458nas a22001697a 4500</leader>
  <controlfield tag="001">REROILS:20</controlfield>
  <controlfield tag="005">20170515152900.0</controlfield>
  <controlfield tag="008">960525u        xx |||m|| ||||0 || 0und d</controlfield>
  <datafield tag="022" ind1=" " ind2=" ">
    <subfield code="a">0302-0711</subfield>
  </datafield>
  <datafield tag="035" ind1=" " ind2=" ">
    <subfield code="a">0273425</subfield>
  </datafield>
  <datafield tag="039" ind1=" " ind2="9">
    <subfield code="a">201705151529</subfield>
    <subfield code="b">VLOAD</subfield>
    <subfield code="c">200605272156</subfield>
    <subfield code="d">VLOAD</subfield>
    <subfield code="y">1999022716350000</subfield>
    <subfield code="z">load</subfield>
  </datafield>
  <datafield tag="040" ind1=" " ind2=" ">
    <subfield code="a">RERO</subfield>
  </datafield>
  <datafield tag="245" ind1="0" ind2="0">
    <subfield code="a">Wolfe Medical Atlases</subfield>
  </datafield>
  <datafield tag="264" ind1=" " ind2="1">
    <subfield code="a">London :</subfield>
    <subfield code="b">Wolfe medical books</subfield>
  </datafield>
  <datafield tag="336" ind1=" " ind2=" ">
    <subfield code="b">txt</subfield>
    <subfield code="2">rdacontent</subfield>
  </datafield>
  <datafield tag="337" ind1=" " ind2=" ">
    <subfield code="b">n</subfield>
    <subfield code="2">rdamedia</subfield>
  </datafield>
  <datafield tag="338" ind1=" " ind2=" ">
    <subfield code="b">nc</subfield>
    <subfield code="2">rdacarrier</subfield>
  </datafield>
</record>