
<record>
  <leader>01373nam a2200361 a 4500</leader>
  <controlfield tag="001">REROILS:97</controlfield>
  <controlfield tag="005">20180901200100.0</controlfield>
  <controlfield tag="008">110711s2011    gw ||| |  ||||00|  |ger d</controlfield>
  <datafield tag="035" ind1=" " ind2=" ">
    <subfield code="a">R006099126</subfield>
  </datafield>
  <datafield tag="039" ind1=" " ind2="7">
    <subfield code="b">1030</subfield>
  </datafield>
  <datafield tag="039" ind1=" " ind2="9">
    <subfield code="a">201809012001</subfield>
    <subfield code="b">VLOAD</subfield>
    <subfield code="c">201707210914</subfield>
    <subfield code="d">mwbrinfo1</subfield>
    <subfield code="c">201706110908</subfield>
    <subfield code="d">VLOAD</subfield>
    <subfield code="c">201605160957</subfield>
    <subfield code="d">VLOAD</subfield>
    <subfield code="y">201107111615</subfield>
    <subfield code="z">1010</subfield>
  </datafield>
  <datafield tag="040" ind1=" " ind2=" ">
    <subfield code="a">RERO vsbcvs</subfield>
  </datafield>
  <datafield tag="041" ind1="1" ind2=" ">
    <subfield code="a">ger</subfield>
    <subfield code="h">eng</subfield>
  </datafield>
  <datafield tag="072" ind1=" " ind2="7">
    <subfield code="a">s1in</subfield>
    <subfield code="2">rero</subfield>
  </datafield>
  <datafield tag="245" ind1="0" ind2="4">
    <subfield code="a">Das kugelsichere Federkleid :</subfield>
    <subfield code="b">wie die Natur uns Technologie lehrt /</subfield>
    <subfield code="c">Robert Allen (Hrsg.) ; aus dem Englischen übers. von Andrea Kamphuis</subfield>
  </datafield>
  <datafield tag="264" ind1=" " ind2="1">
    <subfield code="a">Heidelbers :</subfield>
    <subfield code="b">Spektrum,</subfield>
    <subfield code="c">2011</subfield>
  </datafield>
  <datafield tag="300" ind1=" " ind2=" ">
    <subfield code="a">192 S. :</subfield>
    <subfield code="b">Ill.</subfield>
  </datafield>
  <datafield tag="336" ind1=" " ind2=" ">
    <subfield code="b">txt</subfield>
    <subfield code="2">rdacontent</subfield>
  </datafield>
  <datafield tag="337" ind1=" " ind2=" ">
    <subfield code="b">n</subfield>
    <subfield code="2">rdamedia</subfield>
  </datafield>
  <datafield tag="338" ind1=" " ind2=" ">
    <subfield code="b">nc</subfield>
    <subfield code="2">rdacarrier</subfield>
  </datafield>
  <datafield tag="650" ind1=" " ind2="7">
    <subfield code="0">(RERO)A021040917</subfield>
    <subfield code="a">Chimie biomimétique</subfield>
    <subfield code="2">rero</subfield>
  </datafield>
  <datafield tag="650" ind1=" " ind2="7">
    <subfield code="0">(RERO)A021003039</subfield>
    <subfield code="a">Nature</subfield>
    <subfield code="2">rero</subfield>
  </datafield>
  <datafield tag="650" ind1=" " ind2="7">
    <subfield code="0">(RERO)A021003049</subfield>
    <subfield code="a">Technologie</subfield>
    <subfield code="2">rero</subfield>
  </datafield>
  <datafield tag="650" ind1=" " ind2="7">
    <subfield code="0">(RERO)A021003779</subfield>
    <subfield code="a">Matériaux</subfield>
    <subfield code="2">rero</subfield>
  </datafield>
  <datafield tag="650" ind1=" " ind2="7">
    <subfield code="0">(RERO)A021004811</subfield>
    <subfield code="a">Recherche</subfield>
    <subfield code="2">rero</subfield>
  </datafield>
  <datafield tag="700" ind1="1" ind2=" ">
    <subfield code="0">(RERO)A002919829</subfield>
    <subfield code="a">Allen, Robert</subfield>
  </datafield>
  <datafield tag="700" ind1="1" ind2=" ">
    <subfield code="0">(RERO)A006159863</subfield>
    <subfield code="a">Kamphuis, Andrea</subfield>
  </datafield>
  <datafield tag="906" ind1=" " ind2=" ">
    <subfield code="a">bcvs</subfield>
    <subfield code="b">2011/07</subfield>
    <subfield code="c">08</subfield>
  </datafield>
  <datafield tag="919" ind1=" " ind2=" ">
    <subfield code="9">650 _7</subfield>
    <subfield code="a">chimie biomimétique</subfield>
    <subfield code="x">matériau</subfield>
    <subfield code="x">nature</subfield>
    <subfield code="x">recherche scientifique</subfield>
    <subfield code="2">chrero</subfield>
  </datafield>
  <datafield tag="919" ind1=" " ind2=" ">
    <subfield code="9">650 _7</subfield>
    <subfield code="a">nature</subfield>
    <subfield code="x">recherche scientifique</subfield>
    <subfield code="x">technologie</subfield>
    <subfield code="2">chrero</subfield>
  </datafield>
  <datafield tag="973" ind1=" " ind2=" ">
    <subfield code="a">vsbcvb</subfield>
  </datafield>
  <datafield tag="986" ind1=" " ind2=" ">
    <subfield code="2">cdu-vsbcvb</subfield>
    <subfield code="a">62</subfield>
  </datafield>
  <datafield tag="986" ind1=" " ind2=" ">
    <subfield code="2">brsw</subfield>
    <subfield code="a">Bionik ; Aufsatzsammlung</subfield>
  </datafield>
</record>