
<record>
  <leader>01333nam a2200361 a 4500</leader>
  <controlfield tag="001">REROILS:98</controlfield>
  <controlfield tag="005">20180827210300.0</controlfield>
  <controlfield tag="008">960104s1995    fr |||||| ||||00|| |ara d</controlfield>
  <datafield tag="020" ind1=" " ind2=" ">
    <subfield code="a">9789981953154</subfield>
  </datafield>
  <datafield tag="035" ind1=" " ind2=" ">
    <subfield code="a">2129662</subfield>
  </datafield>
  <datafield tag="039" ind1=" " ind2="9">
    <subfield code="a">201808272103</subfield>
    <subfield code="b">VLOAD</subfield>
    <subfield code="c">201706101316</subfield>
    <subfield code="d">VLOAD</subfield>
    <subfield code="c">201505130845</subfield>
    <subfield code="d">VLOAD</subfield>
    <subfield code="c">201211251742</subfield>
    <subfield code="d">9915</subfield>
    <subfield code="y">1999030113070000</subfield>
    <subfield code="z">load</subfield>
  </datafield>
  <datafield tag="040" ind1=" " ind2=" ">
    <subfield code="a">RERO geueti</subfield>
  </datafield>
  <datafield tag="072" ind1=" " ind2="7">
    <subfield code="a">s1lg</subfield>
    <subfield code="2">rero</subfield>
  </datafield>
  <datafield tag="100" ind1="1" ind2=" ">
    <subfield code="0">(RERO)A003019200</subfield>
    <subfield code="a">Bohas, Georges</subfield>
    <subfield code="4">cre</subfield>
  </datafield>
  <datafield tag="245" ind1="1" ind2="0">
    <subfield code="6">880-01</subfield>
    <subfield code="a">Fī iktisāb asālīb al-inshāʾ /</subfield>
    <subfield code="c">Georges Bohas</subfield>
  </datafield>
  <datafield tag="246" ind1="3" ind2=" ">
    <subfield code="a">Rédiger en arabe</subfield>
  </datafield>
  <datafield tag="246" ind1="3" ind2=" ">
    <subfield code="a">Fī i-ktisābi ʾasā lībi al- ʾin šā / Georges Bohas</subfield>
  </datafield>
  <datafield tag="264" ind1=" " ind2="1">
    <subfield code="a">Paris :</subfield>
    <subfield code="b">Faiza el Qasem :</subfield>
    <subfield code="b">Georges Bohas,</subfield>
    <subfield code="c">1995</subfield>
  </datafield>
  <datafield tag="300" ind1=" " ind2=" ">
    <subfield code="a">136 p. 22 cm</subfield>
  </datafield>
  <datafield tag="336" ind1=" " ind2=" ">
    <subfield code="b">txt</subfield>
    <subfield code="2">rdacontent</subfield>
  </datafield>
  <datafield tag="337" ind1=" " ind2=" ">
    <subfield code="b">n</subfield>
    <subfield code="2">rdamedia</subfield>
  </datafield>
  <datafield tag="338" ind1=" " ind2=" ">
    <subfield code="b">nc</subfield>
    <subfield code="2">rdacarrier</subfield>
  </datafield>
  <datafield tag="500" ind1=" " ind2=" ">
    <subfield code="a">Titre en français: Rédiger en arabe</subfield>
  </datafield>
  <datafield tag="650" ind1=" " ind2="7">
    <subfield code="0">(RERO)A021100914</subfield>
    <subfield code="a">Arabe (langue)</subfield>
    <subfield code="2">rero</subfield>
  </datafield>
  <datafield tag="650" ind1=" " ind2="7">
    <subfield code="0">(RERO)A021043997</subfield>
    <subfield code="a">Rédaction</subfield>
    <subfield code="2">rero</subfield>
  </datafield>
  <datafield tag="655" ind1=" " ind2="7">
    <subfield code="0">(RERO)A021098695</subfield>
    <subfield code="a">[Manuels d&apos;enseignement]</subfield>
    <subfield code="2">rero</subfield>
  </datafield>
  <datafield tag="880" ind1="1" ind2="0">
    <subfield code="6">245-01/(3/r</subfield>
    <subfield code="a">في اكتساب أساليب الإنشاء /</subfield>
    <subfield code="c">Georges Bohas</subfield>
  </datafield>
  <datafield tag="900" ind1=" " ind2=" ">
    <subfield code="a">goala</subfield>
  </datafield>
  <datafield tag="919" ind1=" " ind2=" ">
    <subfield code="9">650 _7</subfield>
    <subfield code="a">arabe (langue)</subfield>
    <subfield code="x">rédaction</subfield>
    <subfield code="v">[manuel]</subfield>
    <subfield code="2">chrero</subfield>
  </datafield>
  <datafield tag="957" ind1=" " ind2=" ">
    <subfield code="a">geueti</subfield>
  </datafield>
  <datafield tag="982" ind1=" " ind2=" ">
    <subfield code="0">(RERO)6A004068999</subfield>
    <subfield code="2">eti1</subfield>
    <subfield code="a">808</subfield>
  </datafield>
  <datafield tag="982" ind1=" " ind2=" ">
    <subfield code="2">eti2</subfield>
    <subfield code="a">808 BOH</subfield>
  </datafield>
  <datafield tag="992" ind1=" " ind2=" ">
    <subfield code="a">ETIA 11876</subfield>
    <subfield code="x">ge/ueti/a/23023</subfield>
  </datafield>
</record>