
<record>
  <leader>01150nam a2200313 a 4500</leader>
  <controlfield tag="001">REROILS:99</controlfield>
  <controlfield tag="005">20180419134600.0</controlfield>
  <controlfield tag="008">000915s1968    fr |||||| ||||00|| |fre d</controlfield>
  <datafield tag="035" ind1=" " ind2=" ">
    <subfield code="a">1620833</subfield>
  </datafield>
  <datafield tag="039" ind1=" " ind2="9">
    <subfield code="a">201804191346</subfield>
    <subfield code="b">VLOAD</subfield>
    <subfield code="c">201706161814</subfield>
    <subfield code="d">VLOAD</subfield>
    <subfield code="c">201706101147</subfield>
    <subfield code="d">VLOAD</subfield>
    <subfield code="c">201507100856</subfield>
    <subfield code="d">3817</subfield>
    <subfield code="y">1999022823530000</subfield>
    <subfield code="z">load</subfield>
  </datafield>
  <datafield tag="040" ind1=" " ind2=" ">
    <subfield code="a">RERO vsbcvs</subfield>
  </datafield>
  <datafield tag="072" ind1=" " ind2="7">
    <subfield code="a">s1td</subfield>
    <subfield code="2">rero</subfield>
  </datafield>
  <datafield tag="100" ind1="1" ind2=" ">
    <subfield code="0">(RERO)A003490634</subfield>
    <subfield code="a">Lalou, René</subfield>
    <subfield code="4">cre</subfield>
  </datafield>
  <datafield tag="245" ind1="1" ind2="3">
    <subfield code="a">Le théâtre en France depuis 1900 /</subfield>
    <subfield code="c">par René Lalou</subfield>
  </datafield>
  <datafield tag="250" ind1=" " ind2=" ">
    <subfield code="a">[6e éd. mise à jour] /</subfield>
    <subfield code="b">[par Georges Versini]</subfield>
  </datafield>
  <datafield tag="264" ind1=" " ind2="1">
    <subfield code="a">Paris :</subfield>
    <subfield code="b">Presses univ. de France,</subfield>
    <subfield code="c">1968</subfield>
  </datafield>
  <datafield tag="300" ind1=" " ind2=" ">
    <subfield code="a">126 p. ;</subfield>
    <subfield code="c">18 cm</subfield>
  </datafield>
  <datafield tag="336" ind1=" " ind2=" ">
    <subfield code="b">txt</subfield>
    <subfield code="2">rdacontent</subfield>
  </datafield>
  <datafield tag="337" ind1=" " ind2=" ">
    <subfield code="b">n</subfield>
    <subfield code="2">rdamedia</subfield>
  </datafield>
  <datafield tag="338" ind1=" " ind2=" ">
    <subfield code="b">nc</subfield>
    <subfield code="2">rdacarrier</subfield>
  </datafield>
  <datafield tag="490" ind1="1" ind2=" ">
    <subfield code="a">Que sais-je</subfield>
    <subfield code="v">461</subfield>
  </datafield>
  <datafield tag="504" ind1=" " ind2=" ">
    <subfield code="a">Bibliogr.: Bibliogr</subfield>
  </datafield>
  <datafield tag="650" ind1=" " ind2="7">
    <subfield code="0">(RERO)A021062866</subfield>
    <subfield code="a">Théâtre</subfield>
    <subfield code="2">rero</subfield>
  </datafield>
  <datafield tag="650" ind1=" " ind2="7">
    <subfield code="0">(RERO)A022473300</subfield>
    <subfield code="a">20e siècle (1re moitié)</subfield>
    <subfield code="2">rero</subfield>
  </datafield>
  <datafield tag="651" ind1=" " ind2="7">
    <subfield code="0">(RERO)A010085019</subfield>
    <subfield code="a">France</subfield>
    <subfield code="2">rero</subfield>
  </datafield>
  <datafield tag="700" ind1="1" ind2=" ">
    <subfield code="0">(RERO)A003939334</subfield>
    <subfield code="a">Versini, Georges</subfield>
  </datafield>
  <datafield tag="830" ind1=" " ind2="0">
    <subfield code="a">Que sais-je? : le point des connaissances actuelles</subfield>
    <subfield code="v">461</subfield>
  </datafield>
  <datafield tag="919" ind1=" " ind2=" ">
    <subfield code="9">650 _7</subfield>
    <subfield code="a">théâtre</subfield>
    <subfield code="z">France</subfield>
    <subfield code="y">20e s. (1ère moitié)</subfield>
    <subfield code="2">chrero</subfield>
  </datafield>
  <datafield tag="973" ind1=" " ind2=" ">
    <subfield code="a">vsbcvs</subfield>
  </datafield>
</record>