
<record>
  <leader>01062nas a2200265 a 4500</leader>
  <controlfield tag="001">REROILS:100</controlfield>
  <controlfield tag="005">20170516085300.0</controlfield>
  <controlfield tag="008">861017d19711976gw |||p|| ||||0 || 0ger d</controlfield>
  <datafield tag="035" ind1=" " ind2=" ">
    <subfield code="a">0764560</subfield>
  </datafield>
  <datafield tag="039" ind1=" " ind2="9">
    <subfield code="a">201705160853</subfield>
    <subfield code="b">VLOAD</subfield>
    <subfield code="c">200605282054</subfield>
    <subfield code="d">VLOAD</subfield>
    <subfield code="c">200410122026</subfield>
    <subfield code="d">VLOAD</subfield>
    <subfield code="y">1999022803500000</subfield>
    <subfield code="z">load</subfield>
  </datafield>
  <datafield tag="040" ind1=" " ind2=" ">
    <subfield code="a">RERO frbcuc</subfield>
  </datafield>
  <datafield tag="072" ind1=" " ind2="7">
    <subfield code="a">s1in</subfield>
    <subfield code="2">rero</subfield>
  </datafield>
  <datafield tag="245" ind1="0" ind2="0">
    <subfield code="a">ÖVD :</subfield>
    <subfield code="b">öffentliche Verwaltung und Datenverarbeitung : unabhängige Fachzeitschrift für Organisation und Automation in der öffentlichen Verwaltung</subfield>
  </datafield>
  <datafield tag="246" ind1="3" ind2=" ">
    <subfield code="a">Öffentliche Verwaltung und Datenverarbeitung</subfield>
  </datafield>
  <datafield tag="264" ind1=" " ind2="1">
    <subfield code="a">Stuttgart :</subfield>
    <subfield code="b">W. Kohlhammer ;</subfield>
    <subfield code="a">Köln :</subfield>
    <subfield code="b">Deutscher Gemeindeverl.,</subfield>
    <subfield code="c">1971-1976</subfield>
  </datafield>
  <datafield tag="300" ind1=" " ind2=" ">
    <subfield code="c">30 cm</subfield>
  </datafield>
  <datafield tag="310" ind1=" " ind2=" ">
    <subfield code="a">Ersch. monatlich</subfield>
  </datafield>
  <datafield tag="336" ind1=" " ind2=" ">
    <subfield code="b">txt</subfield>
    <subfield code="2">rdacontent</subfield>
  </datafield>
  <datafield tag="337" ind1=" " ind2=" ">
    <subfield code="b">n</subfield>
    <subfield code="2">rdamedia</subfield>
  </datafield>
  <datafield tag="338" ind1=" " ind2=" ">
    <subfield code="b">nc</subfield>
    <subfield code="2">rdacarrier</subfield>
  </datafield>
  <datafield tag="362" ind1="0" ind2=" ">
    <subfield code="a">Jg. 1(1971) - 6(1976)</subfield>
  </datafield>
  <datafield tag="580" ind1=" " ind2=" ">
    <subfield code="a">Später: ÖVD Online/adI</subfield>
  </datafield>
  <datafield tag="785" ind1="1" ind2="0">
    <subfield code="t">ÖVD Online/adI : öffentliche Verwaltung und Datenverarbeitung : Organ des ADI - Anwenderverband Deutscher Informationsverarbeiter</subfield>
  </datafield>
  <datafield tag="956" ind1=" " ind2=" ">
    <subfield code="a">frbcuc</subfield>
  </datafield>
  <datafield tag="980" ind1=" " ind2=" ">
    <subfield code="2">dr-sys</subfield>
    <subfield code="a">CA/D 40 f</subfield>
  </datafield>
</record>