
<record>
  <leader>00544nas a22001817a 4500</leader>
  <controlfield tag="001">REROILS:22</controlfield>
  <controlfield tag="005">20170517085200.0</controlfield>
  <controlfield tag="008">880728u        xx |||m|| ||||0 || 0und d</controlfield>
  <datafield tag="035" ind1=" " ind2=" ">
    <subfield code="a">1005534</subfield>
  </datafield>
  <datafield tag="039" ind1=" " ind2="9">
    <subfield code="a">201705170852</subfield>
    <subfield code="b">VLOAD</subfield>
    <subfield code="c">200605291135</subfield>
    <subfield code="d">VLOAD</subfield>
    <subfield code="y">1999022809270000</subfield>
    <subfield code="z">load</subfield>
  </datafield>
  <datafield tag="040" ind1=" " ind2=" ">
    <subfield code="a">RERO frbcuc</subfield>
  </datafield>
  <datafield tag="245" ind1="0" ind2="3">
    <subfield code="a">La missione</subfield>
  </datafield>
  <datafield tag="246" ind1="3" ind2=" ">
    <subfield code="a">Collana &quot;La missione&quot;</subfield>
  </datafield>
  <datafield tag="264" ind1=" " ind2="1">
    <subfield code="a">Bologna :</subfield>
    <subfield code="b">E.M.I</subfield>
  </datafield>
  <datafield tag="336" ind1=" " ind2=" ">
    <subfield code="b">txt</subfield>
    <subfield code="2">rdacontent</subfield>
  </datafield>
  <datafield tag="337" ind1=" " ind2=" ">
    <subfield code="b">n</subfield>
    <subfield code="2">rdamedia</subfield>
  </datafield>
  <datafield tag="338" ind1=" " ind2=" ">
    <subfield code="b">nc</subfield>
    <subfield code="2">rdacarrier</subfield>
  </datafield>
  <datafield tag="500" ind1=" " ind2=" ">
    <subfield code="a">Dans cette collection, les sections ne sont pas cataloguées séparément</subfield>
  </datafield>
</record>