
<record>
  <leader>01012nam a2200289 a 4500</leader>
  <controlfield tag="001">REROILS:102</controlfield>
  <controlfield tag="005">20170925125600.0</controlfield>
  <controlfield tag="008">960525s1981    fr |||||| ||||00|| |fre d</controlfield>
  <datafield tag="020" ind1=" " ind2=" ">
    <subfield code="a">9782715710283</subfield>
  </datafield>
  <datafield tag="024" ind1="7" ind2=" ">
    <subfield code="a">http://catalogue.bnf.fr/ark:/12148/cb369527784</subfield>
    <subfield code="2">uri</subfield>
  </datafield>
  <datafield tag="035" ind1=" " ind2=" ">
    <subfield code="a">0375968</subfield>
  </datafield>
  <datafield tag="039" ind1=" " ind2="9">
    <subfield code="a">201709251256</subfield>
    <subfield code="b">VLOAD</subfield>
    <subfield code="c">201705160916</subfield>
    <subfield code="d">VLOAD</subfield>
    <subfield code="c">200812220736</subfield>
    <subfield code="d">VLOAD</subfield>
    <subfield code="y">1999022718550000</subfield>
    <subfield code="z">load</subfield>
  </datafield>
  <datafield tag="040" ind1=" " ind2=" ">
    <subfield code="a">RERO</subfield>
  </datafield>
  <datafield tag="072" ind1=" " ind2="7">
    <subfield code="a">s1dr</subfield>
    <subfield code="2">rero</subfield>
  </datafield>
  <datafield tag="100" ind1="1" ind2=" ">
    <subfield code="0">(RERO)A003230481</subfield>
    <subfield code="a">Falque, Edith</subfield>
    <subfield code="4">cre</subfield>
  </datafield>
  <datafield tag="245" ind1="1" ind2="0">
    <subfield code="a">Changer les relations administrés-administrations :</subfield>
    <subfield code="b">le cas des parents d&apos;enfants handicapés /</subfield>
    <subfield code="c">Edith Falque, Jean-Michel Boulesteix</subfield>
  </datafield>
  <datafield tag="264" ind1=" " ind2="1">
    <subfield code="a">Paris :</subfield>
    <subfield code="b">Anthropos,</subfield>
    <subfield code="c">1981</subfield>
  </datafield>
  <datafield tag="300" ind1=" " ind2=" ">
    <subfield code="a">165 p. :</subfield>
    <subfield code="b">ill. ;</subfield>
    <subfield code="c">22 cm</subfield>
  </datafield>
  <datafield tag="336" ind1=" " ind2=" ">
    <subfield code="b">txt</subfield>
    <subfield code="2">rdacontent</subfield>
  </datafield>
  <datafield tag="337" ind1=" " ind2=" ">
    <subfield code="b">n</subfield>
    <subfield code="2">rdamedia</subfield>
  </datafield>
  <datafield tag="338" ind1=" " ind2=" ">
    <subfield code="b">nc</subfield>
    <subfield code="2">rdacarrier</subfield>
  </datafield>
  <datafield tag="504" ind1=" " ind2=" ">
    <subfield code="a">Bibliogr</subfield>
  </datafield>
  <datafield tag="700" ind1="1" ind2=" ">
    <subfield code="0">(RERO)A003031130</subfield>
    <subfield code="a">Boulesteix, Jean-Michel</subfield>
  </datafield>
  <datafield tag="957" ind1=" " ind2=" ">
    <subfield code="a">geubfd</subfield>
  </datafield>
  <datafield tag="980" ind1=" " ind2=" ">
    <subfield code="2">dr-sys</subfield>
    <subfield code="a">CA/F 56 h</subfield>
  </datafield>
  <datafield tag="982" ind1=" " ind2=" ">
    <subfield code="2">dr-geubfd</subfield>
    <subfield code="a">CA/F 56 h FALQ 1981</subfield>
  </datafield>
  <datafield tag="992" ind1=" " ind2=" ">
    <subfield code="a">BFDA 106</subfield>
    <subfield code="x">ge/ubfd/a/81/1655</subfield>
  </datafield>
</record>