
<record>
  <leader>01120nam a22003137a 4500</leader>
  <controlfield tag="001">REROILS:106</controlfield>
  <controlfield tag="005">20180703160200.0</controlfield>
  <controlfield tag="008">000917s1994    sz ||| |  ||||00|  |ger d</controlfield>
  <datafield tag="020" ind1=" " ind2=" ">
    <subfield code="a">9783871449390</subfield>
  </datafield>
  <datafield tag="035" ind1=" " ind2=" ">
    <subfield code="a">R269412660</subfield>
  </datafield>
  <datafield tag="039" ind1=" " ind2=" ">
    <subfield code="b">0109</subfield>
  </datafield>
  <datafield tag="039" ind1=" " ind2="9">
    <subfield code="a">201807031602</subfield>
    <subfield code="b">VLOAD</subfield>
    <subfield code="c">201705181147</subfield>
    <subfield code="d">VLOAD</subfield>
    <subfield code="c">200812210823</subfield>
    <subfield code="d">VLOAD</subfield>
    <subfield code="y">200009171238</subfield>
    <subfield code="z">VLOAD</subfield>
  </datafield>
  <datafield tag="040" ind1=" " ind2=" ">
    <subfield code="a">RERO frbcuc</subfield>
  </datafield>
  <datafield tag="041" ind1="0" ind2=" ">
    <subfield code="a">ger</subfield>
    <subfield code="a">eng</subfield>
  </datafield>
  <datafield tag="044" ind1=" " ind2=" ">
    <subfield code="a">sz</subfield>
    <subfield code="c">ch-be</subfield>
  </datafield>
  <datafield tag="072" ind1=" " ind2="7">
    <subfield code="a">s1ma</subfield>
    <subfield code="2">rero</subfield>
  </datafield>
  <datafield tag="100" ind1="1" ind2=" ">
    <subfield code="0">(RERO)A003212794</subfield>
    <subfield code="a">Eisenreich, Günther</subfield>
    <subfield code="4">cre</subfield>
  </datafield>
  <datafield tag="245" ind1="1" ind2="0">
    <subfield code="a">Wörterbuch Mathematik :</subfield>
    <subfield code="b">English, Deutsch, mit etwa 35000 Wortstellen, zweisprachige Studentenausg. = Dictionary of Mathematics : English, German, containing approximately 35000 terms, bilingual students ed. /</subfield>
    <subfield code="c">Günther Eisenreich, Ralf Sube</subfield>
  </datafield>
  <datafield tag="246" ind1="3" ind2=" ">
    <subfield code="a">Dictionary of Mathematics</subfield>
  </datafield>
  <datafield tag="250" ind1=" " ind2=" ">
    <subfield code="a">[2. Aufl., unveränd. Nachdr.]</subfield>
  </datafield>
  <datafield tag="264" ind1=" " ind2="1">
    <subfield code="a">Thun :</subfield>
    <subfield code="b">H. Deutsch,</subfield>
    <subfield code="c">1994</subfield>
  </datafield>
  <datafield tag="300" ind1=" " ind2=" ">
    <subfield code="a">466 S. ;</subfield>
    <subfield code="c">24 cm</subfield>
  </datafield>
  <datafield tag="336" ind1=" " ind2=" ">
    <subfield code="b">txt</subfield>
    <subfield code="2">rdacontent</subfield>
  </datafield>
  <datafield tag="337" ind1=" " ind2=" ">
    <subfield code="b">n</subfield>
    <subfield code="2">rdamedia</subfield>
  </datafield>
  <datafield tag="338" ind1=" " ind2=" ">
    <subfield code="b">nc</subfield>
    <subfield code="2">rdacarrier</subfield>
  </datafield>
  <datafield tag="700" ind1="1" ind2=" ">
    <subfield code="0">(RERO)A003873889</subfield>
    <subfield code="a">Sube, Ralf</subfield>
  </datafield>
  <datafield tag="901" ind1=" " ind2=" ">
    <subfield code="a">LAR DOKP</subfield>
    <subfield code="b">2000/05</subfield>
    <subfield code="c">FACS</subfield>
  </datafield>
  <datafield tag="956" ind1=" " ind2=" ">
    <subfield code="a">frbcuc</subfield>
  </datafield>
  <datafield tag="981" ind1=" " ind2=" ">
    <subfield code="2">LC</subfield>
    <subfield code="a">QA5</subfield>
  </datafield>
</record>