
<record>
  <leader>01914nam a2200385 a 4500</leader>
  <controlfield tag="001">REROILS:107</controlfield>
  <controlfield tag="005">20181107115400.0</controlfield>
  <controlfield tag="008">100520s1963    ru |||||| ||||00|| |rus d</controlfield>
  <datafield tag="035" ind1=" " ind2=" ">
    <subfield code="a">R005450453</subfield>
  </datafield>
  <datafield tag="039" ind1=" " ind2="7">
    <subfield code="b">0007</subfield>
  </datafield>
  <datafield tag="039" ind1=" " ind2="9">
    <subfield code="a">201811071154</subfield>
    <subfield code="b">AUTHORITY</subfield>
    <subfield code="c">201811071152</subfield>
    <subfield code="d">AUTHORITY</subfield>
    <subfield code="c">201811071105</subfield>
    <subfield code="d">VLOAD</subfield>
    <subfield code="c">201809011702</subfield>
    <subfield code="d">VLOAD</subfield>
    <subfield code="y">201005201321</subfield>
    <subfield code="z">0007</subfield>
  </datafield>
  <datafield tag="040" ind1=" " ind2=" ">
    <subfield code="a">RERO frbcuc</subfield>
  </datafield>
  <datafield tag="041" ind1="0" ind2=" ">
    <subfield code="a">rus</subfield>
    <subfield code="a">fre</subfield>
  </datafield>
  <datafield tag="072" ind1=" " ind2="7">
    <subfield code="a">s1ru</subfield>
    <subfield code="2">rero</subfield>
  </datafield>
  <datafield tag="100" ind1="1" ind2=" ">
    <subfield code="0">(RERO)A000132496</subfield>
    <subfield code="6">880-01</subfield>
    <subfield code="a">Potot︠s︡kai︠a︡, Varvara Vasilʹevna,</subfield>
    <subfield code="d">1872-1944</subfield>
    <subfield code="4">cre</subfield>
  </datafield>
  <datafield tag="245" ind1="1" ind2="0">
    <subfield code="6">880-02</subfield>
    <subfield code="a">Frant︠s︡uzsko-russkiĭ slovarʹ :</subfield>
    <subfield code="b">okolo 25 000 slov /</subfield>
    <subfield code="c">sost. V.V. Potot︠s︡kai︠a︡</subfield>
  </datafield>
  <datafield tag="250" ind1=" " ind2=" ">
    <subfield code="6">880-03</subfield>
    <subfield code="a">11-e izd. stereotipnoe /</subfield>
    <subfield code="b">pri uchastii N. P. Potot︠s︡koĭ</subfield>
  </datafield>
  <datafield tag="264" ind1=" " ind2="1">
    <subfield code="6">880-04</subfield>
    <subfield code="a">Moskva :</subfield>
    <subfield code="b">Gos. izd-vo inostrannykh i nat︠s︡ionalʹnykh slovareĭ,</subfield>
    <subfield code="c">1963</subfield>
  </datafield>
  <datafield tag="300" ind1=" " ind2=" ">
    <subfield code="a">559 p.</subfield>
  </datafield>
  <datafield tag="336" ind1=" " ind2=" ">
    <subfield code="b">txt</subfield>
    <subfield code="2">rdacontent</subfield>
  </datafield>
  <datafield tag="337" ind1=" " ind2=" ">
    <subfield code="b">n</subfield>
    <subfield code="2">rdamedia</subfield>
  </datafield>
  <datafield tag="338" ind1=" " ind2=" ">
    <subfield code="b">nc</subfield>
    <subfield code="2">rdacarrier</subfield>
  </datafield>
  <datafield tag="650" ind1=" " ind2="7">
    <subfield code="0">(RERO)A021100956</subfield>
    <subfield code="a">Français (langue)</subfield>
    <subfield code="2">rero</subfield>
  </datafield>
  <datafield tag="650" ind1=" " ind2="7">
    <subfield code="0">(RERO)A021100938</subfield>
    <subfield code="a">Russe (langue)</subfield>
    <subfield code="2">rero</subfield>
  </datafield>
  <datafield tag="655" ind1=" " ind2="7">
    <subfield code="0">(RERO)A021101098</subfield>
    <subfield code="a">[Dictionnaires multilingues]</subfield>
    <subfield code="2">rero</subfield>
  </datafield>
  <datafield tag="700" ind1="1" ind2=" ">
    <subfield code="0">(RERO)A021732014</subfield>
    <subfield code="6">880-05</subfield>
    <subfield code="a">Potot︠s︡kai︠a︡, Natalʹi︠a︡ Pavlovna</subfield>
  </datafield>
  <datafield tag="880" ind1="1" ind2=" ">
    <subfield code="6">100-01/(N</subfield>
    <subfield code="a">Потоцкая, Варвара Васильевна,</subfield>
    <subfield code="d">1872-1944</subfield>
  </datafield>
  <datafield tag="880" ind1="1" ind2="0">
    <subfield code="6">245-02/(N</subfield>
    <subfield code="a">Французско-русский словарь :</subfield>
    <subfield code="b">около 25 000 слов /</subfield>
    <subfield code="c">сост. В.В. Потоцкая</subfield>
  </datafield>
  <datafield tag="880" ind1=" " ind2=" ">
    <subfield code="6">250-03/(N</subfield>
    <subfield code="a">11-е изд. стереотипное /</subfield>
    <subfield code="b">при участии Н. П. Потоцкой</subfield>
  </datafield>
  <datafield tag="880" ind1="1" ind2=" ">
    <subfield code="6">700-05/(N</subfield>
    <subfield code="a">Потоцкая, Наталья Павловна</subfield>
  </datafield>
  <datafield tag="880" ind1=" " ind2="1">
    <subfield code="6">264-04/(N</subfield>
    <subfield code="a">Москва :</subfield>
    <subfield code="b">Гос. изд-во иностранных и национальных словарей,</subfield>
    <subfield code="c">1963</subfield>
  </datafield>
  <datafield tag="900" ind1=" " ind2=" ">
    <subfield code="a">goala</subfield>
  </datafield>
  <datafield tag="919" ind1=" " ind2=" ">
    <subfield code="9">650 _7</subfield>
    <subfield code="a">français (langue)</subfield>
    <subfield code="x">russe (langue)</subfield>
    <subfield code="v">[dictionnaire multilingue]</subfield>
    <subfield code="2">chrero</subfield>
  </datafield>
  <datafield tag="956" ind1=" " ind2=" ">
    <subfield code="a">frbcuc</subfield>
  </datafield>
  <datafield tag="981" ind1=" " ind2=" ">
    <subfield code="2">SL</subfield>
    <subfield code="a">TP</subfield>
  </datafield>
</record>