
<record>
  <leader>00811nas a2200265 a 4500</leader>
  <controlfield tag="001">REROILS:8</controlfield>
  <controlfield tag="005">20190705133100.0</controlfield>
  <controlfield tag="008">881020c18849999xxu|||p|| ||||0 || 0eng d</controlfield>
  <datafield tag="022" ind1=" " ind2=" ">
    <subfield code="a">0009-5281</subfield>
  </datafield>
  <datafield tag="035" ind1=" " ind2=" ">
    <subfield code="a">1032229</subfield>
  </datafield>
  <datafield tag="039" ind1=" " ind2="9">
    <subfield code="a">201907051331</subfield>
    <subfield code="b">VLOAD</subfield>
    <subfield code="c">201705170934</subfield>
    <subfield code="d">VLOAD</subfield>
    <subfield code="c">201704011522</subfield>
    <subfield code="d">VLOAD</subfield>
    <subfield code="c">201601011454</subfield>
    <subfield code="d">VLOAD</subfield>
    <subfield code="y">1999022810050000</subfield>
    <subfield code="z">load</subfield>
  </datafield>
  <datafield tag="040" ind1=" " ind2=" ">
    <subfield code="a">RERO labcuc</subfield>
  </datafield>
  <datafield tag="072" ind1=" " ind2="7">
    <subfield code="a">s1th</subfield>
    <subfield code="2">rero</subfield>
  </datafield>
  <datafield tag="245" ind1="0" ind2="4">
    <subfield code="a">The Christian century</subfield>
  </datafield>
  <datafield tag="264" ind1=" " ind2="1">
    <subfield code="a">Chicago :</subfield>
    <subfield code="b">Christian Century Foundation</subfield>
  </datafield>
  <datafield tag="300" ind1=" " ind2=" ">
    <subfield code="c">28 cm</subfield>
  </datafield>
  <datafield tag="310" ind1=" " ind2=" ">
    <subfield code="a">Hebdomadaire [puis] bimensuel</subfield>
  </datafield>
  <datafield tag="336" ind1=" " ind2=" ">
    <subfield code="b">txt</subfield>
    <subfield code="2">rdacontent</subfield>
  </datafield>
  <datafield tag="337" ind1=" " ind2=" ">
    <subfield code="b">n</subfield>
    <subfield code="2">rdamedia</subfield>
  </datafield>
  <datafield tag="338" ind1=" " ind2=" ">
    <subfield code="b">nc</subfield>
    <subfield code="2">rdacarrier</subfield>
  </datafield>
  <datafield tag="362" ind1="0" ind2=" ">
    <subfield code="a">1884-&gt;</subfield>
  </datafield>
  <datafield tag="904" ind1=" " ind2=" ">
    <subfield code="a">nebpupast</subfield>
  </datafield>
  <datafield tag="949" ind1=" " ind2=" ">
    <subfield code="A">VIRTUAITEM 026-009901</subfield>
    <subfield code="a">TG 986</subfield>
    <subfield code="p">1951 et suiv.-sept 1953; mars 1966 et suiv.</subfield>
    <subfield code="z">200702091553</subfield>
  </datafield>
  <datafield tag="957" ind1=" " ind2=" ">
    <subfield code="a">gewcc-</subfield>
  </datafield>
  <datafield tag="962" ind1=" " ind2=" ">
    <subfield code="a">nebpun</subfield>
  </datafield>
</record>