
<record>
  <leader>01148nas a2200349 a 4500</leader>
  <controlfield tag="001">REROILS:109</controlfield>
  <controlfield tag="005">20190705130000.0</controlfield>
  <controlfield tag="008">030124c20019999at |||p|| ||||0 || 0ger d</controlfield>
  <datafield tag="022" ind1=" " ind2=" ">
    <subfield code="a">1681-7028</subfield>
  </datafield>
  <datafield tag="035" ind1=" " ind2=" ">
    <subfield code="a">R003301493</subfield>
  </datafield>
  <datafield tag="039" ind1=" " ind2="7">
    <subfield code="b">0149</subfield>
  </datafield>
  <datafield tag="039" ind1=" " ind2="9">
    <subfield code="a">201907051300</subfield>
    <subfield code="b">VLOAD</subfield>
    <subfield code="c">201812211056</subfield>
    <subfield code="d">0158</subfield>
    <subfield code="c">201811162226</subfield>
    <subfield code="d">VLOAD</subfield>
    <subfield code="c">201711252302</subfield>
    <subfield code="d">VLOAD</subfield>
    <subfield code="y">200301240911</subfield>
    <subfield code="z">1100</subfield>
  </datafield>
  <datafield tag="040" ind1=" " ind2=" ">
    <subfield code="a">RERO vsbrod</subfield>
  </datafield>
  <datafield tag="072" ind1=" " ind2="7">
    <subfield code="a">s1pe</subfield>
    <subfield code="2">rero</subfield>
  </datafield>
  <datafield tag="245" ind1="0" ind2="0">
    <subfield code="a">Journal für LehrerInnenbildung :</subfield>
    <subfield code="b">JLB</subfield>
  </datafield>
  <datafield tag="246" ind1="3" ind2=" ">
    <subfield code="a">JLB</subfield>
  </datafield>
  <datafield tag="264" ind1=" " ind2="1">
    <subfield code="a">Innsbruck :</subfield>
    <subfield code="b">Studien Verl</subfield>
  </datafield>
  <datafield tag="300" ind1=" " ind2=" ">
    <subfield code="c">30 cm</subfield>
  </datafield>
  <datafield tag="310" ind1=" " ind2=" ">
    <subfield code="a">Vierteljährlich</subfield>
  </datafield>
  <datafield tag="336" ind1=" " ind2=" ">
    <subfield code="b">txt</subfield>
    <subfield code="2">rdacontent</subfield>
  </datafield>
  <datafield tag="337" ind1=" " ind2=" ">
    <subfield code="b">n</subfield>
    <subfield code="2">rdamedia</subfield>
  </datafield>
  <datafield tag="338" ind1=" " ind2=" ">
    <subfield code="b">nc</subfield>
    <subfield code="2">rdacarrier</subfield>
  </datafield>
  <datafield tag="362" ind1="0" ind2=" ">
    <subfield code="a">Jg. 1, Nr. 1(2001)-</subfield>
  </datafield>
  <datafield tag="500" ind1=" " ind2=" ">
    <subfield code="a">Editeur depuis 2019: Bad Heilbrunn : Julius Klinkhardt</subfield>
  </datafield>
  <datafield tag="650" ind1=" " ind2="7">
    <subfield code="0">(RERO)A021003597</subfield>
    <subfield code="a">Formation professionnelle</subfield>
    <subfield code="2">rero</subfield>
  </datafield>
  <datafield tag="650" ind1=" " ind2="7">
    <subfield code="0">(RERO)A021004397</subfield>
    <subfield code="a">Enseignants</subfield>
    <subfield code="2">rero</subfield>
  </datafield>
  <datafield tag="655" ind1=" " ind2="7">
    <subfield code="0">(RERO)A021002597</subfield>
    <subfield code="a">[Périodiques]</subfield>
    <subfield code="2">rero</subfield>
  </datafield>
  <datafield tag="919" ind1=" " ind2=" ">
    <subfield code="9">650 _7</subfield>
    <subfield code="a">enseignant</subfield>
    <subfield code="x">formation professionnelle</subfield>
    <subfield code="v">[périodique]</subfield>
    <subfield code="2">chrero</subfield>
  </datafield>
  <datafield tag="956" ind1=" " ind2=" ">
    <subfield code="a">frbcuc frvhep</subfield>
  </datafield>
  <datafield tag="973" ind1=" " ind2=" ">
    <subfield code="a">vsbrod</subfield>
  </datafield>
  <datafield tag="981" ind1=" " ind2=" ">
    <subfield code="2">PHMA</subfield>
    <subfield code="a">Zeitschrift</subfield>
  </datafield>
  <datafield tag="981" ind1=" " ind2=" ">
    <subfield code="0">(RERO)A018965274</subfield>
    <subfield code="2">PHSW</subfield>
    <subfield code="a">Lehrerbildung</subfield>
  </datafield>
</record>