
<record>
  <leader>01143nam a2200301 a 4500</leader>
  <controlfield tag="001">REROILS:113</controlfield>
  <controlfield tag="005">20170611112500.0</controlfield>
  <controlfield tag="008">000917s1998    xxu||| |  ||||00|  |eng d</controlfield>
  <datafield tag="020" ind1=" " ind2=" ">
    <subfield code="a">9780195063912</subfield>
  </datafield>
  <datafield tag="035" ind1=" " ind2=" ">
    <subfield code="a">R267662160</subfield>
  </datafield>
  <datafield tag="039" ind1=" " ind2=" ">
    <subfield code="b">8046</subfield>
    <subfield code="b">8014i</subfield>
  </datafield>
  <datafield tag="039" ind1=" " ind2="9">
    <subfield code="a">201706111125</subfield>
    <subfield code="b">VLOAD</subfield>
    <subfield code="c">200812231117</subfield>
    <subfield code="d">VLOAD</subfield>
    <subfield code="c">200812230057</subfield>
    <subfield code="d">VLOAD</subfield>
    <subfield code="c">200406160630</subfield>
    <subfield code="d">VLOAD</subfield>
    <subfield code="y">200009172329</subfield>
    <subfield code="z">VLOAD</subfield>
  </datafield>
  <datafield tag="040" ind1=" " ind2=" ">
    <subfield code="a">RERO labcud</subfield>
  </datafield>
  <datafield tag="072" ind1=" " ind2="7">
    <subfield code="a">s1hm</subfield>
    <subfield code="2">rero</subfield>
  </datafield>
  <datafield tag="100" ind1="1" ind2=" ">
    <subfield code="0">(RERO)A003495693</subfield>
    <subfield code="a">Lansing, Carol,</subfield>
    <subfield code="d">1951-</subfield>
    <subfield code="4">cre</subfield>
  </datafield>
  <datafield tag="245" ind1="1" ind2="0">
    <subfield code="a">Power &amp; [and] purity :</subfield>
    <subfield code="b">Cathar heresy in medieval Italy /</subfield>
    <subfield code="c">Carol Lansing</subfield>
  </datafield>
  <datafield tag="264" ind1=" " ind2="1">
    <subfield code="a">New York [etc.] :</subfield>
    <subfield code="b">Oxford Univ. Press,</subfield>
    <subfield code="c">1998</subfield>
  </datafield>
  <datafield tag="300" ind1=" " ind2=" ">
    <subfield code="a">X, 267 p. :</subfield>
    <subfield code="b">ill. ;</subfield>
    <subfield code="c">22 cm</subfield>
  </datafield>
  <datafield tag="336" ind1=" " ind2=" ">
    <subfield code="b">txt</subfield>
    <subfield code="2">rdacontent</subfield>
  </datafield>
  <datafield tag="337" ind1=" " ind2=" ">
    <subfield code="b">n</subfield>
    <subfield code="2">rdamedia</subfield>
  </datafield>
  <datafield tag="338" ind1=" " ind2=" ">
    <subfield code="b">nc</subfield>
    <subfield code="2">rdacarrier</subfield>
  </datafield>
  <datafield tag="650" ind1=" " ind2="7">
    <subfield code="0">(RERO)A021003142</subfield>
    <subfield code="a">Cathares</subfield>
    <subfield code="2">rero</subfield>
  </datafield>
  <datafield tag="650" ind1=" " ind2="7">
    <subfield code="0">(RERO)A010094882</subfield>
    <subfield code="a">hérésie - répression</subfield>
    <subfield code="2">rerovoc</subfield>
  </datafield>
  <datafield tag="650" ind1=" " ind2="7">
    <subfield code="0">(RERO)A021005012</subfield>
    <subfield code="a">Inquisition</subfield>
    <subfield code="2">rero</subfield>
  </datafield>
  <datafield tag="650" ind1=" " ind2="7">
    <subfield code="0">(RERO)A021017914</subfield>
    <subfield code="a">13e siècle</subfield>
    <subfield code="2">rero</subfield>
  </datafield>
  <datafield tag="651" ind1=" " ind2="7">
    <subfield code="0">(RERO)A010126504</subfield>
    <subfield code="a">Orvieto (Italie)</subfield>
    <subfield code="2">rero</subfield>
  </datafield>
  <datafield tag="919" ind1=" " ind2=" ">
    <subfield code="9">650 _7</subfield>
    <subfield code="a">cathares</subfield>
    <subfield code="x">hérésie - répression</subfield>
    <subfield code="x">inquisition</subfield>
    <subfield code="z">Orvieto (Italie)</subfield>
    <subfield code="y">13e s.</subfield>
    <subfield code="2">chrero</subfield>
  </datafield>
  <datafield tag="956" ind1=" " ind2=" ">
    <subfield code="a">frbcuc</subfield>
  </datafield>
</record>