
<record>
  <leader>01203ccm a2200325 a 4500</leader>
  <controlfield tag="001">REROILS:117</controlfield>
  <controlfield tag="005">20170515143800.0</controlfield>
  <controlfield tag="008">970222s1899    gw |||||| ||||  |  |und d</controlfield>
  <datafield tag="028" ind1="3" ind2="2">
    <subfield code="a">EP 2305</subfield>
  </datafield>
  <datafield tag="028" ind1="2" ind2="2">
    <subfield code="a">8551</subfield>
  </datafield>
  <datafield tag="035" ind1=" " ind2=" ">
    <subfield code="a">0148245</subfield>
  </datafield>
  <datafield tag="039" ind1=" " ind2="9">
    <subfield code="a">201705151438</subfield>
    <subfield code="b">VLOAD</subfield>
    <subfield code="c">201703271628</subfield>
    <subfield code="d">VLOAD</subfield>
    <subfield code="c">201605131557</subfield>
    <subfield code="d">VLOAD</subfield>
    <subfield code="c">201603111315</subfield>
    <subfield code="d">VLOAD</subfield>
    <subfield code="y">1999022713470000</subfield>
    <subfield code="z">load</subfield>
  </datafield>
  <datafield tag="040" ind1=" " ind2=" ">
    <subfield code="a">RERO</subfield>
  </datafield>
  <datafield tag="072" ind1=" " ind2="7">
    <subfield code="a">s1mu</subfield>
    <subfield code="2">rero</subfield>
  </datafield>
  <datafield tag="100" ind1="1" ind2=" ">
    <subfield code="0">(RERO)A000145667</subfield>
    <subfield code="a">Schumann, Robert,</subfield>
    <subfield code="d">1810-1856</subfield>
    <subfield code="4">cre</subfield>
  </datafield>
  <datafield tag="245" ind1="1" ind2="0">
    <subfield code="a">Waldszenen</subfield>
    <subfield code="b">und Romanzen : für Klavier zu 2 Händen : op. 82 u. 28 /</subfield>
    <subfield code="c">von Robert Schumann</subfield>
  </datafield>
  <datafield tag="250" ind1=" " ind2=" ">
    <subfield code="a">Neu revidiert /</subfield>
    <subfield code="b">von Adolf Ruthardt</subfield>
  </datafield>
  <datafield tag="264" ind1=" " ind2="1">
    <subfield code="a">Leipzig :</subfield>
    <subfield code="b">C.F. Peters,</subfield>
    <subfield code="c">[ca 1899]</subfield>
  </datafield>
  <datafield tag="300" ind1=" " ind2=" ">
    <subfield code="a">1 PARTITION (47 p.) ;</subfield>
    <subfield code="c">30 cm</subfield>
  </datafield>
  <datafield tag="336" ind1=" " ind2=" ">
    <subfield code="b">ntm</subfield>
    <subfield code="2">rdacontent</subfield>
  </datafield>
  <datafield tag="337" ind1=" " ind2=" ">
    <subfield code="b">n</subfield>
    <subfield code="2">rdamedia</subfield>
  </datafield>
  <datafield tag="338" ind1=" " ind2=" ">
    <subfield code="b">nc</subfield>
    <subfield code="2">rdacarrier</subfield>
  </datafield>
  <datafield tag="700" ind1="1" ind2=" ">
    <subfield code="0">(RERO)A003772461</subfield>
    <subfield code="a">Ruthardt, Adolf,</subfield>
    <subfield code="d">1849-1934</subfield>
  </datafield>
  <datafield tag="700" ind1="1" ind2="2">
    <subfield code="a">Schumann, Robert,</subfield>
    <subfield code="d">1810-1856. -</subfield>
    <subfield code="t">Romances.</subfield>
    <subfield code="m">Piano</subfield>
    <subfield code="h">[Musique imprimée]</subfield>
  </datafield>
  <datafield tag="700" ind1="1" ind2="2">
    <subfield code="a">Schumann, Robert,</subfield>
    <subfield code="d">1810-1856. -</subfield>
    <subfield code="t">Waldszenen</subfield>
    <subfield code="h">[Musique imprimée]</subfield>
  </datafield>
  <datafield tag="962" ind1=" " ind2=" ">
    <subfield code="a">neccm-</subfield>
  </datafield>
  <datafield tag="980" ind1=" " ind2=" ">
    <subfield code="2">musg</subfield>
    <subfield code="a">***</subfield>
    <subfield code="d">Piano</subfield>
    <subfield code="e">1825-1850</subfield>
  </datafield>
  <datafield tag="980" ind1=" " ind2=" ">
    <subfield code="2">musi</subfield>
    <subfield code="a">piano</subfield>
  </datafield>
  <datafield tag="980" ind1=" " ind2=" ">
    <subfield code="2">musg</subfield>
    <subfield code="a">Romance</subfield>
    <subfield code="d">piano</subfield>
    <subfield code="e">1825-1850</subfield>
  </datafield>
  <datafield tag="984" ind1=" " ind2=" ">
    <subfield code="2">cdu-neccm</subfield>
    <subfield code="a">(09)786.2SCH3Wal</subfield>
  </datafield>
</record>