
<record>
  <leader>01039nam a2200313 a 4500</leader>
  <controlfield tag="001">REROILS:37</controlfield>
  <controlfield tag="005">20170520173200.0</controlfield>
  <controlfield tag="008">150526s2015    be |||||| ||||00|  |fre d</controlfield>
  <datafield tag="035" ind1=" " ind2=" ">
    <subfield code="a">R008154567</subfield>
  </datafield>
  <datafield tag="039" ind1=" " ind2="7">
    <subfield code="b">0186</subfield>
  </datafield>
  <datafield tag="039" ind1=" " ind2="9">
    <subfield code="a">201705201732</subfield>
    <subfield code="b">VLOAD</subfield>
    <subfield code="c">201601071556</subfield>
    <subfield code="d">0186</subfield>
    <subfield code="c">201512210821</subfield>
    <subfield code="d">0002</subfield>
    <subfield code="c">201507091234</subfield>
    <subfield code="d">VLOAD</subfield>
    <subfield code="y">201505260931</subfield>
    <subfield code="z">6000</subfield>
  </datafield>
  <datafield tag="040" ind1=" " ind2=" ">
    <subfield code="a">RERO gevbge</subfield>
  </datafield>
  <datafield tag="072" ind1=" " ind2="7">
    <subfield code="a">s1ph</subfield>
    <subfield code="2">rero</subfield>
  </datafield>
  <datafield tag="100" ind1="1" ind2=" ">
    <subfield code="0">(RERO)A003487928</subfield>
    <subfield code="a">Lacoste, Jean-Yves</subfield>
    <subfield code="4">cre</subfield>
  </datafield>
  <datafield tag="245" ind1="1" ind2="0">
    <subfield code="a">Recherches sur la parole /</subfield>
    <subfield code="c">Jean-Yves Lacoste</subfield>
  </datafield>
  <datafield tag="264" ind1=" " ind2="1">
    <subfield code="a">Louvain :</subfield>
    <subfield code="b">Peeters,</subfield>
    <subfield code="c">2015</subfield>
  </datafield>
  <datafield tag="300" ind1=" " ind2=" ">
    <subfield code="a">288 p.</subfield>
  </datafield>
  <datafield tag="336" ind1=" " ind2=" ">
    <subfield code="b">txt</subfield>
    <subfield code="2">rdacontent</subfield>
  </datafield>
  <datafield tag="337" ind1=" " ind2=" ">
    <subfield code="b">n</subfield>
    <subfield code="2">rdamedia</subfield>
  </datafield>
  <datafield tag="338" ind1=" " ind2=" ">
    <subfield code="b">nc</subfield>
    <subfield code="2">rdacarrier</subfield>
  </datafield>
  <datafield tag="490" ind1="1" ind2=" ">
    <subfield code="a">Bibliothèque philosophique de Louvain</subfield>
    <subfield code="v">94</subfield>
  </datafield>
  <datafield tag="650" ind1=" " ind2="7">
    <subfield code="0">(RERO)A021101201</subfield>
    <subfield code="a">Langage</subfield>
    <subfield code="2">rero</subfield>
  </datafield>
  <datafield tag="650" ind1=" " ind2="7">
    <subfield code="0">(RERO)A021097515</subfield>
    <subfield code="a">Poésie</subfield>
    <subfield code="2">rero</subfield>
  </datafield>
  <datafield tag="650" ind1=" " ind2="7">
    <subfield code="0">(RERO)A021003406</subfield>
    <subfield code="a">Liturgie</subfield>
    <subfield code="2">rero</subfield>
  </datafield>
  <datafield tag="650" ind1=" " ind2="7">
    <subfield code="0">(RERO)A021004135</subfield>
    <subfield code="a">Philosophie</subfield>
    <subfield code="2">rero</subfield>
  </datafield>
  <datafield tag="830" ind1=" " ind2="0">
    <subfield code="a">Bibliothèque philosophique de Louvain</subfield>
    <subfield code="v">94</subfield>
    <subfield code="w">REROILS:12</subfield>
  </datafield>
  <datafield tag="902" ind1=" " ind2=" ">
    <subfield code="a">gevbge</subfield>
    <subfield code="b">2015/05 lar020</subfield>
  </datafield>
  <datafield tag="956" ind1=" " ind2=" ">
    <subfield code="a">frbcuc</subfield>
  </datafield>
  <datafield tag="957" ind1=" " ind2=" ">
    <subfield code="a">gevbge</subfield>
  </datafield>
</record>