
<record>
  <leader>01482njm a2200373 a 4500</leader>
  <controlfield tag="001">REROILS:118</controlfield>
  <controlfield tag="005">20170518095000.0</controlfield>
  <controlfield tag="007">s|</controlfield>
  <controlfield tag="008">970731m19561962xx ||| |  ||||  |  |und d</controlfield>
  <datafield tag="028" ind1="1" ind2="2">
    <subfield code="a">Decca 452 304-2</subfield>
  </datafield>
  <datafield tag="035" ind1=" " ind2=" ">
    <subfield code="a">R217259660</subfield>
  </datafield>
  <datafield tag="039" ind1=" " ind2=" ">
    <subfield code="b">8215</subfield>
  </datafield>
  <datafield tag="039" ind1=" " ind2="9">
    <subfield code="a">201705180950</subfield>
    <subfield code="b">VLOAD</subfield>
    <subfield code="c">201704011217</subfield>
    <subfield code="d">VLOAD</subfield>
    <subfield code="c">201605161704</subfield>
    <subfield code="d">VLOAD</subfield>
    <subfield code="c">201311201440</subfield>
    <subfield code="d">8215</subfield>
    <subfield code="y">1999030118480000</subfield>
    <subfield code="z">load0082</subfield>
  </datafield>
  <datafield tag="040" ind1=" " ind2=" ">
    <subfield code="a">RERO labcur</subfield>
  </datafield>
  <datafield tag="072" ind1=" " ind2="7">
    <subfield code="a">s1mu</subfield>
    <subfield code="2">rero</subfield>
  </datafield>
  <datafield tag="100" ind1="1" ind2=" ">
    <subfield code="0">(RERO)A016406660</subfield>
    <subfield code="a">Fauré, Gabriel,</subfield>
    <subfield code="d">1845-1924</subfield>
    <subfield code="4">cre</subfield>
  </datafield>
  <datafield tag="245" ind1="1" ind2="0">
    <subfield code="a">Requiem :</subfield>
    <subfield code="b">op. 48 ; Pelléas et Mélisande... /</subfield>
    <subfield code="c">Fauré</subfield>
  </datafield>
  <datafield tag="264" ind1=" " ind2="1">
    <subfield code="a">[Lieu de publication non identifié] :</subfield>
    <subfield code="b">Decca,</subfield>
    <subfield code="c">P 1956-1962</subfield>
  </datafield>
  <datafield tag="300" ind1=" " ind2=" ">
    <subfield code="a">1 disque compact :</subfield>
    <subfield code="b">stéréo (ADD) ;</subfield>
    <subfield code="c">12 cm</subfield>
  </datafield>
  <datafield tag="336" ind1=" " ind2=" ">
    <subfield code="b">prm</subfield>
    <subfield code="2">rdacontent</subfield>
  </datafield>
  <datafield tag="337" ind1=" " ind2=" ">
    <subfield code="b">s</subfield>
    <subfield code="2">rdamedia</subfield>
  </datafield>
  <datafield tag="338" ind1=" " ind2=" ">
    <subfield code="b">sd</subfield>
    <subfield code="2">rdacarrier</subfield>
  </datafield>
  <datafield tag="490" ind1="1" ind2=" ">
    <subfield code="a">The classic sound</subfield>
  </datafield>
  <datafield tag="505" ind1="0" ind2=" ">
    <subfield code="a">Encore: Pénélope : prélude ; Masques et bergamasques</subfield>
  </datafield>
  <datafield tag="511" ind1="0" ind2=" ">
    <subfield code="a">Ansermet, Ernest (direction) ; Danco, Suzanne (soprano) ; Souzay, Gérard (baryton) ; Orchestre de la suisse romande ; Union chorale (La Tour de Peilz)</subfield>
  </datafield>
  <datafield tag="700" ind1="1" ind2=" ">
    <subfield code="0">(RERO)A003153337</subfield>
    <subfield code="a">Danco, Suzanne</subfield>
  </datafield>
  <datafield tag="700" ind1="1" ind2=" ">
    <subfield code="0">(RERO)A002932457</subfield>
    <subfield code="a">Ansermet, Ernest</subfield>
  </datafield>
  <datafield tag="700" ind1="1" ind2=" ">
    <subfield code="0">(RERO)A000154456</subfield>
    <subfield code="a">Souzay, Gérard</subfield>
  </datafield>
  <datafield tag="710" ind1="2" ind2=" ">
    <subfield code="0">(RERO)A003920209</subfield>
    <subfield code="a">Union chorale (La Tour de Peilz)</subfield>
  </datafield>
  <datafield tag="710" ind1="2" ind2=" ">
    <subfield code="0">(RERO)A000125158</subfield>
    <subfield code="a">Orchestre de la Suisse romande</subfield>
  </datafield>
  <datafield tag="830" ind1=" " ind2="4">
    <subfield code="a">The classic sound</subfield>
    <subfield code="h">[Enregistrement sonore]</subfield>
  </datafield>
  <datafield tag="936" ind1=" " ind2=" ">
    <subfield code="a">basmPH20742</subfield>
  </datafield>
  <datafield tag="973" ind1=" " ind2=" ">
    <subfield code="a">vsbasm</subfield>
  </datafield>
  <datafield tag="986" ind1=" " ind2=" ">
    <subfield code="2">cdu-vsbasm</subfield>
    <subfield code="a">CD PASM 12121</subfield>
  </datafield>
</record>