
<record>
  <leader>01071nas a2200301 a 4500</leader>
  <controlfield tag="001">REROILS:122</controlfield>
  <controlfield tag="005">20190705123400.0</controlfield>
  <controlfield tag="008">000909|19999999sz |||p|| ||||0 || 0fre d</controlfield>
  <datafield tag="019" ind1=" " ind2=" ">
    <subfield code="a">Cat. à compléter par la biblio. qui possède l&apos;année 1998</subfield>
    <subfield code="9">gevbmu/02.2000</subfield>
  </datafield>
  <datafield tag="035" ind1=" " ind2=" ">
    <subfield code="a">R264542960</subfield>
  </datafield>
  <datafield tag="039" ind1=" " ind2=" ">
    <subfield code="b">6703</subfield>
  </datafield>
  <datafield tag="039" ind1=" " ind2="9">
    <subfield code="a">201907051234</subfield>
    <subfield code="b">VLOAD</subfield>
    <subfield code="c">201807031407</subfield>
    <subfield code="d">VLOAD</subfield>
    <subfield code="c">201705180937</subfield>
    <subfield code="d">VLOAD</subfield>
    <subfield code="c">201204210613</subfield>
    <subfield code="d">VLOAD</subfield>
    <subfield code="y">200009090448</subfield>
    <subfield code="z">VLOAD</subfield>
  </datafield>
  <datafield tag="040" ind1=" " ind2=" ">
    <subfield code="a">RERO gevbmu</subfield>
  </datafield>
  <datafield tag="044" ind1=" " ind2=" ">
    <subfield code="a">sz</subfield>
    <subfield code="c">ch-ge</subfield>
  </datafield>
  <datafield tag="072" ind1=" " ind2="7">
    <subfield code="a">s1mu</subfield>
    <subfield code="2">rero</subfield>
  </datafield>
  <datafield tag="245" ind1="0" ind2="0">
    <subfield code="a">Liste des professeurs /</subfield>
    <subfield code="c">Société suisse de pédagogie musicale, section genevoise</subfield>
  </datafield>
  <datafield tag="264" ind1=" " ind2="1">
    <subfield code="a">[Genève] :</subfield>
    <subfield code="b">[Section genevoise de la SSPM],</subfield>
    <subfield code="c">1999-</subfield>
  </datafield>
  <datafield tag="300" ind1=" " ind2=" ">
    <subfield code="a">21 cm</subfield>
  </datafield>
  <datafield tag="336" ind1=" " ind2=" ">
    <subfield code="b">txt</subfield>
    <subfield code="2">rdacontent</subfield>
  </datafield>
  <datafield tag="337" ind1=" " ind2=" ">
    <subfield code="b">n</subfield>
    <subfield code="2">rdamedia</subfield>
  </datafield>
  <datafield tag="338" ind1=" " ind2=" ">
    <subfield code="b">nc</subfield>
    <subfield code="2">rdacarrier</subfield>
  </datafield>
  <datafield tag="580" ind1=" " ind2=" ">
    <subfield code="a">Fait suite à: Liste des membres</subfield>
  </datafield>
  <datafield tag="710" ind1="2" ind2=" ">
    <subfield code="0">(RERO)A003845916</subfield>
    <subfield code="a">Société suisse de pédagogie musicale.</subfield>
    <subfield code="b">Section genevoise</subfield>
  </datafield>
  <datafield tag="780" ind1="1" ind2="0">
    <subfield code="t">Liste des membres</subfield>
  </datafield>
  <datafield tag="902" ind1=" " ind2=" ">
    <subfield code="a">gedoc</subfield>
  </datafield>
  <datafield tag="957" ind1=" " ind2=" ">
    <subfield code="a">gevbmu</subfield>
  </datafield>
  <datafield tag="982" ind1=" " ind2=" ">
    <subfield code="0">(RERO)3A001837977</subfield>
    <subfield code="2">ge-biba</subfield>
    <subfield code="a">Ac</subfield>
  </datafield>
  <datafield tag="982" ind1=" " ind2=" ">
    <subfield code="0">(RERO)3A001838426</subfield>
    <subfield code="2">ge-biba</subfield>
    <subfield code="a">Ta</subfield>
  </datafield>
</record>