
<record>
  <leader>00973nam a22003017a 4500</leader>
  <controlfield tag="001">REROILS:123</controlfield>
  <controlfield tag="005">20190627005700.0</controlfield>
  <controlfield tag="008">110712s2011    fr ||| |  ||||00|  |fre d</controlfield>
  <datafield tag="024" ind1="7" ind2=" ">
    <subfield code="a">http://catalogue.bnf.fr/ark:/12148/cb425154542</subfield>
    <subfield code="2">uri</subfield>
  </datafield>
  <datafield tag="035" ind1=" " ind2=" ">
    <subfield code="a">R006099422</subfield>
  </datafield>
  <datafield tag="039" ind1=" " ind2="9">
    <subfield code="a">201906270057</subfield>
    <subfield code="b">VLOAD</subfield>
    <subfield code="c">201901311353</subfield>
    <subfield code="d">VLOAD</subfield>
    <subfield code="c">201901111813</subfield>
    <subfield code="d">VLOAD</subfield>
    <subfield code="c">201705301645</subfield>
    <subfield code="d">VLOAD</subfield>
    <subfield code="y">201107120920</subfield>
    <subfield code="z">1046</subfield>
  </datafield>
  <datafield tag="040" ind1=" " ind2=" ">
    <subfield code="a">RERO vsbcce</subfield>
  </datafield>
  <datafield tag="072" ind1=" " ind2="7">
    <subfield code="a">s1fr</subfield>
    <subfield code="2">rero</subfield>
  </datafield>
  <datafield tag="100" ind1="0" ind2=" ">
    <subfield code="0">(RERO)A014161336</subfield>
    <subfield code="a">PoiPoi</subfield>
    <subfield code="4">cre</subfield>
  </datafield>
  <datafield tag="245" ind1="1" ind2="3">
    <subfield code="a">Le grand secret de Djipi /</subfield>
    <subfield code="c">PoiPoi</subfield>
  </datafield>
  <datafield tag="264" ind1=" " ind2="1">
    <subfield code="a">Grenoble :</subfield>
    <subfield code="b">Glénat,</subfield>
    <subfield code="c">2011</subfield>
  </datafield>
  <datafield tag="300" ind1=" " ind2=" ">
    <subfield code="a">48 p. :</subfield>
    <subfield code="b">ill.</subfield>
  </datafield>
  <datafield tag="336" ind1=" " ind2=" ">
    <subfield code="b">txt</subfield>
    <subfield code="2">rdacontent</subfield>
  </datafield>
  <datafield tag="336" ind1=" " ind2=" ">
    <subfield code="b">sti</subfield>
    <subfield code="2">rdacontent</subfield>
  </datafield>
  <datafield tag="337" ind1=" " ind2=" ">
    <subfield code="b">n</subfield>
    <subfield code="2">rdamedia</subfield>
  </datafield>
  <datafield tag="338" ind1=" " ind2=" ">
    <subfield code="b">nc</subfield>
    <subfield code="2">rdacarrier</subfield>
  </datafield>
  <datafield tag="490" ind1="1" ind2=" ">
    <subfield code="a">Ange le Terrible / PoiPoi</subfield>
    <subfield code="v">4</subfield>
  </datafield>
  <datafield tag="490" ind1="0" ind2=" ">
    <subfield code="a">Tchô! La collec....</subfield>
  </datafield>
  <datafield tag="655" ind1=" " ind2="7">
    <subfield code="0">(RERO)A021001131</subfield>
    <subfield code="a">[Bandes dessinées]</subfield>
    <subfield code="2">rero</subfield>
  </datafield>
  <datafield tag="800" ind1="0" ind2=" ">
    <subfield code="a">PoiPoi. -</subfield>
    <subfield code="t">Ange le Terrible</subfield>
    <subfield code="v">4</subfield>
  </datafield>
  <datafield tag="906" ind1=" " ind2=" ">
    <subfield code="a">bcvs</subfield>
    <subfield code="b">2011/07</subfield>
    <subfield code="c">18</subfield>
  </datafield>
  <datafield tag="973" ind1=" " ind2=" ">
    <subfield code="a">vsbcce</subfield>
  </datafield>
  <datafield tag="986" ind1=" " ind2=" ">
    <subfield code="2">cdu-vsmart</subfield>
    <subfield code="a">ANGE</subfield>
  </datafield>
</record>