
<record>
  <leader>04512cam a2200877 a 4500</leader>
  <controlfield tag="001">REROILS:124</controlfield>
  <controlfield tag="005">20190814095000.0</controlfield>
  <controlfield tag="008">000927m19759999gw |||||| ||||00|  |ger d</controlfield>
  <datafield tag="019" ind1=" " ind2=" ">
    <subfield code="a">Le vol. 8 a paru 2 fois, même ISBN. &quot;Rembrandt-Schenute von Atripe&quot; est à éliminer</subfield>
    <subfield code="9">???</subfield>
  </datafield>
  <datafield tag="020" ind1=" " ind2=" ">
    <subfield code="a">9783883090917</subfield>
  </datafield>
  <datafield tag="020" ind1=" " ind2=" ">
    <subfield code="a">9783883091105</subfield>
  </datafield>
  <datafield tag="020" ind1=" " ind2=" ">
    <subfield code="a">9783883091334</subfield>
  </datafield>
  <datafield tag="020" ind1=" " ind2=" ">
    <subfield code="a">9783883091556</subfield>
  </datafield>
  <datafield tag="020" ind1=" " ind2=" ">
    <subfield code="a">9783883092478</subfield>
  </datafield>
  <datafield tag="020" ind1=" " ind2=" ">
    <subfield code="a">9783883093321</subfield>
  </datafield>
  <datafield tag="020" ind1=" " ind2=" ">
    <subfield code="a">9783883093543</subfield>
  </datafield>
  <datafield tag="020" ind1=" " ind2=" ">
    <subfield code="a">9783883094137</subfield>
  </datafield>
  <datafield tag="035" ind1=" " ind2=" ">
    <subfield code="a">0010122</subfield>
  </datafield>
  <datafield tag="039" ind1=" " ind2=" ">
    <subfield code="b">8006</subfield>
    <subfield code="b">0007c</subfield>
    <subfield code="b">8002</subfield>
    <subfield code="b">3312</subfield>
  </datafield>
  <datafield tag="039" ind1=" " ind2="7">
    <subfield code="b">9500</subfield>
    <subfield code="b">3309</subfield>
  </datafield>
  <datafield tag="039" ind1=" " ind2="9">
    <subfield code="a">201908140950</subfield>
    <subfield code="b">3309</subfield>
    <subfield code="c">201908130928</subfield>
    <subfield code="d">1020</subfield>
    <subfield code="c">201908130927</subfield>
    <subfield code="d">1020</subfield>
    <subfield code="c">201908130926</subfield>
    <subfield code="d">1020</subfield>
    <subfield code="y">1999022710040000</subfield>
    <subfield code="z">load</subfield>
  </datafield>
  <datafield tag="040" ind1=" " ind2=" ">
    <subfield code="a">RERO</subfield>
  </datafield>
  <datafield tag="072" ind1=" " ind2="7">
    <subfield code="a">s1th</subfield>
    <subfield code="2">rero</subfield>
  </datafield>
  <datafield tag="072" ind1=" " ind2="7">
    <subfield code="a">s2hg</subfield>
    <subfield code="2">rero</subfield>
  </datafield>
  <datafield tag="245" ind1="0" ind2="0">
    <subfield code="a">Biographisch-bibliographisches Kirchenlexikon /</subfield>
    <subfield code="c">bearb. und hrsg. von Friedrich Wilhelm Bautz</subfield>
  </datafield>
  <datafield tag="264" ind1=" " ind2="1">
    <subfield code="a">Hamm (Westf.) ;</subfield>
    <subfield code="a">[dann] Herzberg ;</subfield>
    <subfield code="a">[dann] Nordhausen :</subfield>
    <subfield code="b">T. Bautz,</subfield>
    <subfield code="c">1975-</subfield>
  </datafield>
  <datafield tag="300" ind1=" " ind2=" ">
    <subfield code="a">Bd. 1- ;</subfield>
    <subfield code="c">27 cm</subfield>
  </datafield>
  <datafield tag="336" ind1=" " ind2=" ">
    <subfield code="b">txt</subfield>
    <subfield code="2">rdacontent</subfield>
  </datafield>
  <datafield tag="337" ind1=" " ind2=" ">
    <subfield code="b">n</subfield>
    <subfield code="2">rdamedia</subfield>
  </datafield>
  <datafield tag="338" ind1=" " ind2=" ">
    <subfield code="b">nc</subfield>
    <subfield code="2">rdacarrier</subfield>
  </datafield>
  <datafield tag="500" ind1=" " ind2=" ">
    <subfield code="a">Ab Bd. 3: Begründet und hrsg. von Friedrich Wilhelm Bautz ; fortgeführt von Traugott Bautz</subfield>
  </datafield>
  <datafield tag="500" ind1=" " ind2=" ">
    <subfield code="a">Avec chaque tome paraît un index cumulatif</subfield>
  </datafield>
  <datafield tag="504" ind1=" " ind2=" ">
    <subfield code="a">Bibliogr. + Register</subfield>
  </datafield>
  <datafield tag="505" ind1="0" ind2=" ">
    <subfield code="a">Bd. 1: A - Faustus von Byzanz. Bd. 2: Faustus von Mileve - Jeanne d&apos;Arc. Bd. 3: Jedin, Hubert - Kleinschmidt, Beda. Bd. 4: Kleist, Heinrich von - Leyden, Lucas von. Bd. 5: Leyden, Nikolaus - Mönch, Antonius. Bd. 6: Moenius, Georg - Patijn, Constantijn Leopold. Bd. 7: Patocka, Jan - Remachus. Bd. 8: Rembrandt - Scharbel. Bd. 9: Scharling, Carl Henrik - Sheldon, Charles Monroe. Bd. 10: Shelkov, Vladimir Andreyevich - Stoss, Andreas. Bd. 11: Stoss, Veit - Tieffenthaler, Joseph. Bd. 12: Tibboniden - Volpe, Giovannio Antonio. Bd. 13: Voltaire, François - Wolfram von Eschenbach. Bd. 14: Wolfram von Eschenbach bis Zygomalas, Theodosios ; Ergänzungen I. Bd. 15: Ergänzungen II. Bd. 16: Ergänzungen III. Bd. 17: Ergänzungen IV. Bd. 18: Ergänzungen V. Bd. 19: Ergänzungen VI. Bd. 20: Ergänzungen VII. Bd. 21: Ergänzungen VIII. Bd. 22: Ergänzungen IX. Bd. 23: Ergänzungen X. Bd. 24: Ergänzungen XI. Bd. 25: Ergänzungen XII. Bd. 26: Ergänzungen XIII. Bd. 27: Ergänzungen XIV. Bd. 28: Ergänzungen XV. Bd. 29: Ergänzungen XVI. Bd. 30: Ergänzungen XVII. Bd. 31: Ergänzungen XVIII. Bd. 32: Ergänzungen XIX. Bd. 33: Ergänzungen XX. Bd. 34: Erg. XXI. Bd. 35: Erg. XXII. Bd. 36: Erg. XXIII. Bd. 37: Erg. XXIV. Bd. 38: Erg. XXV. Bd. 39: Erg. XXVI. Bd. 40: Erg. XXVII</subfield>
  </datafield>
  <datafield tag="650" ind1=" " ind2="0">
    <subfield code="a">Christian biography</subfield>
  </datafield>
  <datafield tag="650" ind1=" " ind2="0">
    <subfield code="a">Theology</subfield>
    <subfield code="v">Bio-bibliography</subfield>
  </datafield>
  <datafield tag="650" ind1=" " ind2="7">
    <subfield code="0">(RERO)A021009114</subfield>
    <subfield code="a">Théologie</subfield>
    <subfield code="2">rero</subfield>
  </datafield>
  <datafield tag="650" ind1=" " ind2="7">
    <subfield code="0">(RERO)A021017054</subfield>
    <subfield code="a">Église</subfield>
    <subfield code="2">rero</subfield>
  </datafield>
  <datafield tag="650" ind1=" " ind2="7">
    <subfield code="0">(RERO)A021003748</subfield>
    <subfield code="a">Biographies</subfield>
    <subfield code="2">rero</subfield>
  </datafield>
  <datafield tag="650" ind1=" " ind2="7">
    <subfield code="0">(RERO)A021065136</subfield>
    <subfield code="a">Christianisme</subfield>
    <subfield code="2">rero</subfield>
  </datafield>
  <datafield tag="650" ind1=" " ind2="7">
    <subfield code="0">(RERO)A021003248</subfield>
    <subfield code="a">Histoire</subfield>
    <subfield code="2">rero</subfield>
  </datafield>
  <datafield tag="650" ind1=" " ind2="7">
    <subfield code="0">(RERO)A021002969</subfield>
    <subfield code="a">Vie intellectuelle</subfield>
    <subfield code="2">rero</subfield>
  </datafield>
  <datafield tag="650" ind1=" " ind2="7">
    <subfield code="0">(RERO)A021065135</subfield>
    <subfield code="a">Chrétiens</subfield>
    <subfield code="2">rero</subfield>
    <subfield code="9">fre</subfield>
  </datafield>
  <datafield tag="655" ind1=" " ind2="7">
    <subfield code="0">(RERO)A021017425</subfield>
    <subfield code="a">[Biobibliographie]</subfield>
    <subfield code="2">rero</subfield>
  </datafield>
  <datafield tag="655" ind1=" " ind2="7">
    <subfield code="0">(RERO)A021026228</subfield>
    <subfield code="a">[Dictionnaires allemands]</subfield>
    <subfield code="2">rero</subfield>
  </datafield>
  <datafield tag="655" ind1=" " ind2="7">
    <subfield code="0">(RERO)A010182394</subfield>
    <subfield code="a">[dictionnaire]</subfield>
    <subfield code="2">rerovoc</subfield>
  </datafield>
  <datafield tag="700" ind1="1" ind2=" ">
    <subfield code="0">(RERO)A002979260</subfield>
    <subfield code="a">Bautz, Friedrich Wilhelm,</subfield>
    <subfield code="d">1906-1979</subfield>
  </datafield>
  <datafield tag="700" ind1="1" ind2=" ">
    <subfield code="0">(RERO)A002979263</subfield>
    <subfield code="a">Bautz, Traugott</subfield>
  </datafield>
  <datafield tag="901" ind1=" " ind2=" ">
    <subfield code="a">LAR BHT</subfield>
    <subfield code="b">2011/03</subfield>
    <subfield code="c">SHE</subfield>
  </datafield>
  <datafield tag="902" ind1=" " ind2=" ">
    <subfield code="a">suitebge</subfield>
  </datafield>
  <datafield tag="902" ind1=" " ind2=" ">
    <subfield code="a">gewcc-</subfield>
    <subfield code="b">2015/07</subfield>
    <subfield code="c">0</subfield>
  </datafield>
  <datafield tag="902" ind1=" " ind2=" ">
    <subfield code="a">getheolcollection</subfield>
  </datafield>
  <datafield tag="904" ind1=" " ind2=" ">
    <subfield code="a">bpunfar2</subfield>
    <subfield code="b">1509</subfield>
    <subfield code="c">4fg</subfield>
  </datafield>
  <datafield tag="904" ind1=" " ind2=" ">
    <subfield code="a">bpunfar2</subfield>
    <subfield code="b">1609</subfield>
    <subfield code="c">4fg</subfield>
  </datafield>
  <datafield tag="904" ind1=" " ind2=" ">
    <subfield code="a">bpunfar2</subfield>
    <subfield code="b">1809</subfield>
    <subfield code="c">4fg</subfield>
  </datafield>
  <datafield tag="904" ind1=" " ind2=" ">
    <subfield code="a">bpunfar2</subfield>
    <subfield code="b">1909</subfield>
    <subfield code="c">4fg</subfield>
  </datafield>
  <datafield tag="906" ind1=" " ind2=" ">
    <subfield code="a">bcvs</subfield>
    <subfield code="b">2011/04</subfield>
    <subfield code="c">04</subfield>
  </datafield>
  <datafield tag="919" ind1=" " ind2=" ">
    <subfield code="9">650 _7</subfield>
    <subfield code="a">théologien</subfield>
    <subfield code="v">[dictionnaire]</subfield>
    <subfield code="2">chrero</subfield>
  </datafield>
  <datafield tag="919" ind1=" " ind2=" ">
    <subfield code="9">650 _7</subfield>
    <subfield code="a">Eglise</subfield>
    <subfield code="v">[dictionnaire]</subfield>
    <subfield code="2">chrero</subfield>
  </datafield>
  <datafield tag="919" ind1=" " ind2=" ">
    <subfield code="9">650 _7</subfield>
    <subfield code="a">christianisme</subfield>
    <subfield code="v">[dictionnaire]</subfield>
    <subfield code="2">chrero</subfield>
  </datafield>
  <datafield tag="949" ind1=" " ind2=" ">
    <subfield code="A">VIRTUAITEM 073-006303</subfield>
    <subfield code="a">TG 1231</subfield>
    <subfield code="9">1973-</subfield>
    <subfield code="z">200704261524</subfield>
  </datafield>
  <datafield tag="956" ind1=" " ind2=" ">
    <subfield code="a">frbcuc</subfield>
  </datafield>
  <datafield tag="957" ind1=" " ind2=" ">
    <subfield code="a">geuth- gevbge gewcc-</subfield>
  </datafield>
  <datafield tag="960" ind1=" " ind2=" ">
    <subfield code="a">juaaeb</subfield>
  </datafield>
  <datafield tag="962" ind1=" " ind2=" ">
    <subfield code="a">nebpun</subfield>
  </datafield>
  <datafield tag="973" ind1=" " ind2=" ">
    <subfield code="a">vsbcvb</subfield>
  </datafield>
  <datafield tag="981" ind1=" " ind2=" ">
    <subfield code="2">SHE</subfield>
    <subfield code="a">AD</subfield>
  </datafield>
  <datafield tag="981" ind1=" " ind2=" ">
    <subfield code="2">SL</subfield>
    <subfield code="a">AA</subfield>
  </datafield>
  <datafield tag="982" ind1=" " ind2=" ">
    <subfield code="2">wccsh</subfield>
    <subfield code="a">Theology</subfield>
    <subfield code="e">[Bio-bibliography]</subfield>
    <subfield code="e">[LCSH]</subfield>
  </datafield>
  <datafield tag="982" ind1=" " ind2=" ">
    <subfield code="2">wccsh</subfield>
    <subfield code="a">Christian biography</subfield>
    <subfield code="e">[LCSH]</subfield>
  </datafield>
  <datafield tag="982" ind1=" " ind2=" ">
    <subfield code="2">dew-gewcc</subfield>
    <subfield code="a">Ref 922 B520b</subfield>
  </datafield>
  <datafield tag="982" ind1=" " ind2=" ">
    <subfield code="2">cdu-geuth</subfield>
    <subfield code="a">03:23</subfield>
  </datafield>
  <datafield tag="986" ind1=" " ind2=" ">
    <subfield code="2">brsw</subfield>
    <subfield code="a">Christin ; Historische Persönlichkeit</subfield>
  </datafield>
  <datafield tag="986" ind1=" " ind2=" ">
    <subfield code="2">brsw</subfield>
    <subfield code="a">Christ ; Historische Persönlichkeit</subfield>
  </datafield>
  <datafield tag="992" ind1=" " ind2=" ">
    <subfield code="a">FTZ 105</subfield>
    <subfield code="x">ge/uth-/a</subfield>
  </datafield>
  <datafield tag="994" ind1=" " ind2=" ">
    <subfield code="a">BPUN SL 28(016) BIOG</subfield>
    <subfield code="x">ne/bpun/a/1977/1403-/as/2014-/as/2015-/as/2017-/as/2018-/as/2019</subfield>
  </datafield>
</record>