
<record>
  <leader>01280nam a2200301 a 4500</leader>
  <controlfield tag="001">REROILS:125</controlfield>
  <controlfield tag="005">20200106154800.0</controlfield>
  <controlfield tag="008">960525s1968    be |||||| ||||00|| |fre d</controlfield>
  <datafield tag="035" ind1=" " ind2=" ">
    <subfield code="a">0042660</subfield>
  </datafield>
  <datafield tag="039" ind1=" " ind2="9">
    <subfield code="a">202001061548</subfield>
    <subfield code="b">VLOAD</subfield>
    <subfield code="c">201706101152</subfield>
    <subfield code="d">VLOAD</subfield>
    <subfield code="c">200812230709</subfield>
    <subfield code="d">VLOAD</subfield>
    <subfield code="c">200702200940</subfield>
    <subfield code="d">7704</subfield>
    <subfield code="y">1999022710560000</subfield>
    <subfield code="z">load</subfield>
  </datafield>
  <datafield tag="040" ind1=" " ind2=" ">
    <subfield code="a">RERO</subfield>
  </datafield>
  <datafield tag="072" ind1=" " ind2="7">
    <subfield code="a">s1ps</subfield>
    <subfield code="2">rero</subfield>
  </datafield>
  <datafield tag="100" ind1="1" ind2=" ">
    <subfield code="0">(RERO)A003691778</subfield>
    <subfield code="a">Picard, Fernand</subfield>
    <subfield code="4">cre</subfield>
  </datafield>
  <datafield tag="245" ind1="1" ind2="3">
    <subfield code="a">Le problème des aptitudes :</subfield>
    <subfield code="b">le facteur verbal /</subfield>
    <subfield code="c">F. Picard, R. Pasquasy ; avec la collab. de X. Kohl</subfield>
  </datafield>
  <datafield tag="264" ind1=" " ind2="1">
    <subfield code="a">[Lieu de publication non identifié] :</subfield>
    <subfield code="b">Labor :</subfield>
    <subfield code="b">Nathan,</subfield>
    <subfield code="c">1968</subfield>
  </datafield>
  <datafield tag="300" ind1=" " ind2=" ">
    <subfield code="a">75 p. ;</subfield>
    <subfield code="c">24 cm</subfield>
  </datafield>
  <datafield tag="336" ind1=" " ind2=" ">
    <subfield code="b">txt</subfield>
    <subfield code="2">rdacontent</subfield>
  </datafield>
  <datafield tag="337" ind1=" " ind2=" ">
    <subfield code="b">n</subfield>
    <subfield code="2">rdamedia</subfield>
  </datafield>
  <datafield tag="338" ind1=" " ind2=" ">
    <subfield code="b">nc</subfield>
    <subfield code="2">rdacarrier</subfield>
  </datafield>
  <datafield tag="490" ind1="1" ind2=" ">
    <subfield code="a">Centre national de recherches de psychotechnique scolaire. Psychologie appliquée à l&apos;éducation. Document</subfield>
    <subfield code="v">13/A</subfield>
  </datafield>
  <datafield tag="650" ind1=" " ind2="7">
    <subfield code="0">(RERO)A009959331</subfield>
    <subfield code="a">apprentissage verbal</subfield>
    <subfield code="2">rerovoc</subfield>
  </datafield>
  <datafield tag="650" ind1=" " ind2="7">
    <subfield code="0">(RERO)A021017354</subfield>
    <subfield code="a">Aptitude</subfield>
    <subfield code="2">rero</subfield>
  </datafield>
  <datafield tag="650" ind1=" " ind2="7">
    <subfield code="0">(RERO)A021001910</subfield>
    <subfield code="a">Intelligence</subfield>
    <subfield code="2">rero</subfield>
  </datafield>
  <datafield tag="700" ind1="1" ind2=" ">
    <subfield code="0">(RERO)A003673513</subfield>
    <subfield code="a">Pasquasy, René</subfield>
  </datafield>
  <datafield tag="700" ind1="1" ind2=" ">
    <subfield code="0">(RERO)A003465047</subfield>
    <subfield code="a">Kohl, X</subfield>
  </datafield>
  <datafield tag="830" ind1=" " ind2="0">
    <subfield code="a">Documents / Centre national de recherches de psychotechnique scolaire</subfield>
    <subfield code="v">13A</subfield>
  </datafield>
  <datafield tag="919" ind1=" " ind2=" ">
    <subfield code="9">650 _7</subfield>
    <subfield code="a">apprentissage verbal</subfield>
    <subfield code="x">aptitude</subfield>
    <subfield code="x">intelligence</subfield>
    <subfield code="2">chrero</subfield>
  </datafield>
  <datafield tag="957" ind1=" " ind2=" ">
    <subfield code="a">geufpe</subfield>
  </datafield>
</record>