
<record>
  <leader>01990nam a2200433 a 4500</leader>
  <controlfield tag="001">REROILS:30</controlfield>
  <controlfield tag="005">20170925203700.0</controlfield>
  <controlfield tag="008">860708s1985    gw |||||| ||||00|| |ger d</controlfield>
  <datafield tag="020" ind1=" " ind2=" ">
    <subfield code="a">9783924859053</subfield>
  </datafield>
  <datafield tag="035" ind1=" " ind2=" ">
    <subfield code="a">0729777</subfield>
  </datafield>
  <datafield tag="039" ind1=" " ind2="7">
    <subfield code="b">9101</subfield>
  </datafield>
  <datafield tag="039" ind1=" " ind2="9">
    <subfield code="a">201709252037</subfield>
    <subfield code="b">VLOAD</subfield>
    <subfield code="c">201706101313</subfield>
    <subfield code="d">VLOAD</subfield>
    <subfield code="c">201704040957</subfield>
    <subfield code="d">VLOAD</subfield>
    <subfield code="c">200812230134</subfield>
    <subfield code="d">VLOAD</subfield>
    <subfield code="y">1999022803010000</subfield>
    <subfield code="z">load</subfield>
  </datafield>
  <datafield tag="040" ind1=" " ind2=" ">
    <subfield code="a">RERO laidap</subfield>
  </datafield>
  <datafield tag="072" ind1=" " ind2="7">
    <subfield code="a">s1sp</subfield>
    <subfield code="2">rero</subfield>
  </datafield>
  <datafield tag="072" ind1=" " ind2="7">
    <subfield code="a">s2ur</subfield>
    <subfield code="2">rero</subfield>
  </datafield>
  <datafield tag="100" ind1="1" ind2=" ">
    <subfield code="0">(RERO)A003462209</subfield>
    <subfield code="a">Knoepfel, Peter</subfield>
    <subfield code="4">cre</subfield>
  </datafield>
  <datafield tag="245" ind1="1" ind2="0">
    <subfield code="a">Luftreinhaltepolitik (stationäre Quellen) im internationalen Vergleich /</subfield>
    <subfield code="c">Peter Knoepfel, Helmut Weidner ; [Internationales Institut für Umwelt und Gesellschaft].</subfield>
    <subfield code="n">Bd. 1,</subfield>
    <subfield code="p">Methodik und Ergebnisse :</subfield>
    <subfield code="b">Bundesrepublik Deutschland, England, Frankreich, Italien, Niederlande</subfield>
  </datafield>
  <datafield tag="264" ind1=" " ind2="1">
    <subfield code="a">Berlin :</subfield>
    <subfield code="b">Ed. Sigma,</subfield>
    <subfield code="c">1985</subfield>
  </datafield>
  <datafield tag="300" ind1=" " ind2=" ">
    <subfield code="a">341 p. :</subfield>
    <subfield code="b">ill. ;</subfield>
    <subfield code="c">27 cm</subfield>
  </datafield>
  <datafield tag="336" ind1=" " ind2=" ">
    <subfield code="b">txt</subfield>
    <subfield code="2">rdacontent</subfield>
  </datafield>
  <datafield tag="337" ind1=" " ind2=" ">
    <subfield code="b">n</subfield>
    <subfield code="2">rdamedia</subfield>
  </datafield>
  <datafield tag="338" ind1=" " ind2=" ">
    <subfield code="b">nc</subfield>
    <subfield code="2">rdacarrier</subfield>
  </datafield>
  <datafield tag="504" ind1=" " ind2=" ">
    <subfield code="a">Bibliogr</subfield>
  </datafield>
  <datafield tag="650" ind1=" " ind2="7">
    <subfield code="0">(RERO)A010210583</subfield>
    <subfield code="a">lutte contre la pollution atmosphérique</subfield>
    <subfield code="2">rerovoc</subfield>
  </datafield>
  <datafield tag="650" ind1=" " ind2="7">
    <subfield code="0">(RERO)A010134130</subfield>
    <subfield code="a">politique publique comparée</subfield>
    <subfield code="2">rerovoc</subfield>
  </datafield>
  <datafield tag="650" ind1=" " ind2="7">
    <subfield code="0">(RERO)A010020101</subfield>
    <subfield code="a">pollution atmosphérique</subfield>
    <subfield code="2">rerovoc</subfield>
  </datafield>
  <datafield tag="650" ind1=" " ind2="7">
    <subfield code="0">(RERO)A021062725</subfield>
    <subfield code="a">Droit international</subfield>
    <subfield code="2">rero</subfield>
  </datafield>
  <datafield tag="650" ind1=" " ind2="7">
    <subfield code="0">(RERO)A021099995</subfield>
    <subfield code="a">Droit comparé</subfield>
    <subfield code="2">rero</subfield>
  </datafield>
  <datafield tag="651" ind1=" " ind2="7">
    <subfield code="0">(RERO)A009975209</subfield>
    <subfield code="a">Europe occidentale</subfield>
    <subfield code="2">rero</subfield>
  </datafield>
  <datafield tag="700" ind1="1" ind2=" ">
    <subfield code="0">(RERO)A003963644</subfield>
    <subfield code="a">Weidner, Helmut</subfield>
  </datafield>
  <datafield tag="800" ind1="1" ind2=" ">
    <subfield code="a">Knoepfel, Peter. -</subfield>
    <subfield code="t">Luftreinhaltepolitik (stationäre Quellen) im internationalen Vergleich</subfield>
    <subfield code="v">1</subfield>
    <subfield code="w">REROILS:31</subfield>
  </datafield>
  <datafield tag="919" ind1=" " ind2=" ">
    <subfield code="9">650 _7</subfield>
    <subfield code="a">lutte contre la pollution atmosphérique</subfield>
    <subfield code="x">politique publique comparée</subfield>
    <subfield code="z">Europe occidentale</subfield>
    <subfield code="2">chrero</subfield>
  </datafield>
  <datafield tag="919" ind1=" " ind2=" ">
    <subfield code="9">650 _7</subfield>
    <subfield code="a">pollution atmosphérique</subfield>
    <subfield code="x">* droit international</subfield>
    <subfield code="2">chrero</subfield>
  </datafield>
  <datafield tag="919" ind1=" " ind2=" ">
    <subfield code="9">650 _7</subfield>
    <subfield code="a">pollution atmosphérique</subfield>
    <subfield code="x">* droit comparé</subfield>
    <subfield code="2">chrero</subfield>
  </datafield>
  <datafield tag="957" ind1=" " ind2=" ">
    <subfield code="a">geubfd</subfield>
  </datafield>
  <datafield tag="980" ind1=" " ind2=" ">
    <subfield code="2">dr-sys</subfield>
    <subfield code="a">A 59 h</subfield>
  </datafield>
  <datafield tag="982" ind1=" " ind2=" ">
    <subfield code="2">dr-geubfd</subfield>
    <subfield code="a">A 59 h KNOE 1985</subfield>
  </datafield>
  <datafield tag="992" ind1=" " ind2=" ">
    <subfield code="a">BFDB 1018/1</subfield>
    <subfield code="x">ge/ubfd/a/87/835</subfield>
  </datafield>
  <datafield tag="992" ind1=" " ind2=" ">
    <subfield code="a">BFDB 1018/1</subfield>
    <subfield code="x">ge/ubfd/a/87/12</subfield>
  </datafield>
</record>