
<record>
  <leader>00936naa a22002537a 4500</leader>
  <controlfield tag="001">REROILS:25</controlfield>
  <controlfield tag="005">20170518142000.0</controlfield>
  <controlfield tag="008">980412s1990    xx ||| |  ||||00|  0eng d</controlfield>
  <datafield tag="035" ind1=" " ind2=" ">
    <subfield code="a">R003460821</subfield>
  </datafield>
  <datafield tag="039" ind1=" " ind2="9">
    <subfield code="a">201705181420</subfield>
    <subfield code="b">VLOAD</subfield>
    <subfield code="c">201605141201</subfield>
    <subfield code="d">VLOAD</subfield>
    <subfield code="c">201210191831</subfield>
    <subfield code="d">VLOAD</subfield>
    <subfield code="c">201112192310</subfield>
    <subfield code="d">VLOAD</subfield>
    <subfield code="y">200506232357</subfield>
    <subfield code="z">VLOAD</subfield>
  </datafield>
  <datafield tag="040" ind1=" " ind2=" ">
    <subfield code="a">RERO gewcc-</subfield>
  </datafield>
  <datafield tag="072" ind1=" " ind2="7">
    <subfield code="a">s1th</subfield>
    <subfield code="2">rero</subfield>
  </datafield>
  <datafield tag="100" ind1="1" ind2=" ">
    <subfield code="0">(RERO)A002987122</subfield>
    <subfield code="a">Bellah, Robert Neelly</subfield>
    <subfield code="4">cre</subfield>
  </datafield>
  <datafield tag="245" ind1="1" ind2="0">
    <subfield code="a">Finding the church :</subfield>
    <subfield code="b">post-traditional discipleship /</subfield>
    <subfield code="c">Robert N. Bellah</subfield>
  </datafield>
  <datafield tag="264" ind1=" " ind2="1">
    <subfield code="c">1990</subfield>
  </datafield>
  <datafield tag="336" ind1=" " ind2=" ">
    <subfield code="b">txt</subfield>
    <subfield code="2">rdacontent</subfield>
  </datafield>
  <datafield tag="337" ind1=" " ind2=" ">
    <subfield code="b">n</subfield>
    <subfield code="2">rdamedia</subfield>
  </datafield>
  <datafield tag="338" ind1=" " ind2=" ">
    <subfield code="b">nc</subfield>
    <subfield code="2">rdacarrier</subfield>
  </datafield>
  <datafield tag="580" ind1=" " ind2=" ">
    <subfield code="a">In: Christian Century ; vol. 107, November 14, 1990, p. 1060-1964</subfield>
  </datafield>
  <datafield tag="773" ind1="1" ind2=" ">
    <subfield code="t">Christian century</subfield>
    <subfield code="g">vol. 107, November 14, 1990, p. 1060-1964</subfield>
    <subfield code="w">REROILS:8</subfield>
  </datafield>
  <datafield tag="957" ind1=" " ind2=" ">
    <subfield code="a">gewcc-</subfield>
  </datafield>
  <datafield tag="982" ind1=" " ind2=" ">
    <subfield code="2">wccsh</subfield>
    <subfield code="a">Culture</subfield>
    <subfield code="d">Usa</subfield>
  </datafield>
  <datafield tag="982" ind1=" " ind2=" ">
    <subfield code="2">wccsh</subfield>
    <subfield code="a">Religion and culture</subfield>
    <subfield code="e">[LCSH]</subfield>
  </datafield>
  <datafield tag="982" ind1=" " ind2=" ">
    <subfield code="0">(RERO)6A004391030</subfield>
    <subfield code="2">wccsh</subfield>
    <subfield code="a">Gospel and culture</subfield>
  </datafield>
</record>