
<record>
  <leader>00868naa a22002297a 4500</leader>
  <controlfield tag="001">REROILS:36</controlfield>
  <controlfield tag="005">20170518130700.0</controlfield>
  <controlfield tag="008">980412s1971    xx ||| |  ||||00|  0ger d</controlfield>
  <datafield tag="035" ind1=" " ind2=" ">
    <subfield code="a">R003441220</subfield>
  </datafield>
  <datafield tag="039" ind1=" " ind2="9">
    <subfield code="a">201705181307</subfield>
    <subfield code="b">VLOAD</subfield>
    <subfield code="c">201605141117</subfield>
    <subfield code="d">VLOAD</subfield>
    <subfield code="c">201210191801</subfield>
    <subfield code="d">VLOAD</subfield>
    <subfield code="c">201112192150</subfield>
    <subfield code="d">VLOAD</subfield>
    <subfield code="y">200506232303</subfield>
    <subfield code="z">VLOAD</subfield>
  </datafield>
  <datafield tag="040" ind1=" " ind2=" ">
    <subfield code="a">RERO gewcc-</subfield>
  </datafield>
  <datafield tag="072" ind1=" " ind2="7">
    <subfield code="a">s1th</subfield>
    <subfield code="2">rero</subfield>
  </datafield>
  <datafield tag="100" ind1="1" ind2=" ">
    <subfield code="0">(RERO)A003795551</subfield>
    <subfield code="a">Scheuner, Ulrich</subfield>
    <subfield code="4">cre</subfield>
  </datafield>
  <datafield tag="245" ind1="1" ind2="4">
    <subfield code="a">Das Problem der Gewalt und der gewaltsamen sozialen Veränderung in der ökumenischen Diskussion /</subfield>
    <subfield code="c">Ulrich Scheuner</subfield>
  </datafield>
  <datafield tag="264" ind1=" " ind2="1">
    <subfield code="c">1971</subfield>
  </datafield>
  <datafield tag="336" ind1=" " ind2=" ">
    <subfield code="b">txt</subfield>
    <subfield code="2">rdacontent</subfield>
  </datafield>
  <datafield tag="337" ind1=" " ind2=" ">
    <subfield code="b">n</subfield>
    <subfield code="2">rdamedia</subfield>
  </datafield>
  <datafield tag="338" ind1=" " ind2=" ">
    <subfield code="b">nc</subfield>
    <subfield code="2">rdacarrier</subfield>
  </datafield>
  <datafield tag="580" ind1=" " ind2=" ">
    <subfield code="a">In: Ökumenische Rundschau ; v. 20 (1971) p. 126-139</subfield>
  </datafield>
  <datafield tag="773" ind1="1" ind2=" ">
    <subfield code="t">Ökumenische Rundschau</subfield>
    <subfield code="g">v. 20 (1971) p. 126-139</subfield>
    <subfield code="w">REROILS:27</subfield>
  </datafield>
  <datafield tag="957" ind1=" " ind2=" ">
    <subfield code="a">gewcc-</subfield>
  </datafield>
  <datafield tag="982" ind1=" " ind2=" ">
    <subfield code="2">wccsh</subfield>
    <subfield code="a">Theology of liberation</subfield>
    <subfield code="d">Ecumenical theology</subfield>
  </datafield>
</record>