
<record>
  <leader>01284nim a2200361 a 4500</leader>
  <controlfield tag="001">REROILS:129</controlfield>
  <controlfield tag="005">20180720164200.0</controlfield>
  <controlfield tag="007">c|</controlfield>
  <controlfield tag="007">s|</controlfield>
  <controlfield tag="008">160304s2013    gw |||||| ||||  ||||ger d</controlfield>
  <datafield tag="024" ind1="3" ind2=" ">
    <subfield code="a">9783893534456</subfield>
  </datafield>
  <datafield tag="028" ind1="5" ind2="2">
    <subfield code="a">Best.-Nr. CD 445</subfield>
  </datafield>
  <datafield tag="035" ind1=" " ind2=" ">
    <subfield code="a">R008381301</subfield>
  </datafield>
  <datafield tag="039" ind1=" " ind2="9">
    <subfield code="a">201807201642</subfield>
    <subfield code="b">VLOAD</subfield>
    <subfield code="c">201802280842</subfield>
    <subfield code="d">VLOAD</subfield>
    <subfield code="c">201705202203</subfield>
    <subfield code="d">VLOAD</subfield>
    <subfield code="c">201605161745</subfield>
    <subfield code="d">VLOAD</subfield>
    <subfield code="y">201603041544</subfield>
    <subfield code="z">1401</subfield>
  </datafield>
  <datafield tag="040" ind1=" " ind2=" ">
    <subfield code="a">1145</subfield>
    <subfield code="d">9999</subfield>
    <subfield code="d">RERO vsbcvb</subfield>
  </datafield>
  <datafield tag="072" ind1=" " ind2="7">
    <subfield code="a">s1al</subfield>
    <subfield code="2">rero</subfield>
  </datafield>
  <datafield tag="100" ind1="1" ind2=" ">
    <subfield code="0">(RERO)A002940349</subfield>
    <subfield code="a">Arold, Marliese</subfield>
    <subfield code="4">cre</subfield>
  </datafield>
  <datafield tag="245" ind1="1" ind2="0">
    <subfield code="a">Magic girls</subfield>
    <subfield code="h">[Enregistrement sonore] :</subfield>
    <subfield code="b">der dunkle Verräter /</subfield>
    <subfield code="c">Marliese Arold ; Gelesen von Sabine Falkenberg</subfield>
  </datafield>
  <datafield tag="250" ind1=" " ind2=" ">
    <subfield code="a">Gekürzte Lesefassung</subfield>
  </datafield>
  <datafield tag="264" ind1="3" ind2="1">
    <subfield code="a">Dortmund :</subfield>
    <subfield code="b">Igel-Records,</subfield>
    <subfield code="c">2013</subfield>
  </datafield>
  <datafield tag="300" ind1=" " ind2=" ">
    <subfield code="a">3 Compact Discs (231 Min.) +</subfield>
    <subfield code="e">1 Booklet ([8] S.)</subfield>
  </datafield>
  <datafield tag="521" ind1=" " ind2=" ">
    <subfield code="a">Jugendliche</subfield>
    <subfield code="9">vsbcvb/03.2016</subfield>
  </datafield>
  <datafield tag="700" ind1="1" ind2=" ">
    <subfield code="0">(RERO)A009210319</subfield>
    <subfield code="a">Falkenberg, Sabine</subfield>
  </datafield>
  <datafield tag="900" ind1=" " ind2="1">
    <subfield code="a">DNB</subfield>
    <subfield code="b">20160304</subfield>
  </datafield>
  <datafield tag="919" ind1=" " ind2=" ">
    <subfield code="a">(Produktform)CD-Audio</subfield>
  </datafield>
  <datafield tag="919" ind1=" " ind2=" ">
    <subfield code="a">(VLB-Produktgruppen)SD400</subfield>
  </datafield>
  <datafield tag="919" ind1=" " ind2=" ">
    <subfield code="a">(VLB-Produktgruppen)TQ500</subfield>
  </datafield>
  <datafield tag="919" ind1=" " ind2=" ">
    <subfield code="a">(VLB-WN)5250: Audio-CD, Kassette / Kinder- und Jugendbücher/Kinderbücher bis 11 Jahre</subfield>
  </datafield>
  <datafield tag="919" ind1=" " ind2=" ">
    <subfield code="a">(Zielgruppe)ab 10 Jahren</subfield>
  </datafield>
  <datafield tag="930" ind1=" " ind2=" ">
    <subfield code="a">(DNB) 1027864406</subfield>
  </datafield>
  <datafield tag="973" ind1=" " ind2=" ">
    <subfield code="a">vsbcvb</subfield>
  </datafield>
  <datafield tag="986" ind1=" " ind2=" ">
    <subfield code="2">skj</subfield>
    <subfield code="a">Hörbuch</subfield>
  </datafield>
  <datafield tag="986" ind1=" " ind2=" ">
    <subfield code="2">cdu-vsbcvb</subfield>
    <subfield code="a">AROL</subfield>
  </datafield>
</record>