
<record>
  <leader>01479nam a2200373 a 4500</leader>
  <controlfield tag="001">REROILS:131</controlfield>
  <controlfield tag="005">20181208153600.0</controlfield>
  <controlfield tag="008">000921s1999    gw |||||| ||||00|  |ger d</controlfield>
  <datafield tag="020" ind1=" " ind2=" ">
    <subfield code="a">9783631345467</subfield>
  </datafield>
  <datafield tag="035" ind1=" " ind2=" ">
    <subfield code="a">R270022760</subfield>
  </datafield>
  <datafield tag="039" ind1=" " ind2=" ">
    <subfield code="b">0011</subfield>
    <subfield code="b">0013i</subfield>
  </datafield>
  <datafield tag="039" ind1=" " ind2="9">
    <subfield code="a">201812081536</subfield>
    <subfield code="b">VLOAD</subfield>
    <subfield code="c">201808281236</subfield>
    <subfield code="d">VLOAD</subfield>
    <subfield code="c">201807031615</subfield>
    <subfield code="d">VLOAD</subfield>
    <subfield code="c">201706111207</subfield>
    <subfield code="d">VLOAD</subfield>
    <subfield code="y">200009210457</subfield>
    <subfield code="z">VLOAD</subfield>
  </datafield>
  <datafield tag="040" ind1=" " ind2=" ">
    <subfield code="a">RERO frbcuc</subfield>
  </datafield>
  <datafield tag="044" ind1=" " ind2=" ">
    <subfield code="a">sz</subfield>
    <subfield code="c">ch-be</subfield>
  </datafield>
  <datafield tag="072" ind1=" " ind2="7">
    <subfield code="a">s1th</subfield>
    <subfield code="2">rero</subfield>
  </datafield>
  <datafield tag="100" ind1="1" ind2=" ">
    <subfield code="0">(RERO)A003217281</subfield>
    <subfield code="a">Engel, Klaus</subfield>
    <subfield code="4">cre</subfield>
  </datafield>
  <datafield tag="245" ind1="1" ind2="0">
    <subfield code="a">Meditation :</subfield>
    <subfield code="b">Geschichte, Systematik, Forschung, Theorie /</subfield>
    <subfield code="c">Klaus Engel</subfield>
  </datafield>
  <datafield tag="250" ind1=" " ind2=" ">
    <subfield code="a">Stark erw. und überarb. 2. Aufl. /</subfield>
    <subfield code="b">unter Mitarb. von Dorothea u. Joachim Galuska... [et al.]</subfield>
  </datafield>
  <datafield tag="264" ind1=" " ind2="1">
    <subfield code="a">Frankfurt a.M. ;</subfield>
    <subfield code="a">Bern [etc.] :</subfield>
    <subfield code="b">P. Lang,</subfield>
    <subfield code="c">1999</subfield>
  </datafield>
  <datafield tag="300" ind1=" " ind2=" ">
    <subfield code="a">479 S. :</subfield>
    <subfield code="b">Ill. ;</subfield>
    <subfield code="c">22 cm</subfield>
  </datafield>
  <datafield tag="336" ind1=" " ind2=" ">
    <subfield code="b">txt</subfield>
    <subfield code="2">rdacontent</subfield>
  </datafield>
  <datafield tag="337" ind1=" " ind2=" ">
    <subfield code="b">n</subfield>
    <subfield code="2">rdamedia</subfield>
  </datafield>
  <datafield tag="338" ind1=" " ind2=" ">
    <subfield code="b">nc</subfield>
    <subfield code="2">rdacarrier</subfield>
  </datafield>
  <datafield tag="650" ind1=" " ind2="7">
    <subfield code="0">(RERO)A021002163</subfield>
    <subfield code="a">Méditation</subfield>
    <subfield code="2">rero</subfield>
  </datafield>
  <datafield tag="650" ind1=" " ind2="7">
    <subfield code="0">(RERO)A021005489</subfield>
    <subfield code="a">Psychologie</subfield>
    <subfield code="2">rero</subfield>
  </datafield>
  <datafield tag="650" ind1=" " ind2="7">
    <subfield code="0">(RERO)A021005487</subfield>
    <subfield code="a">Physiologie</subfield>
    <subfield code="2">rero</subfield>
  </datafield>
  <datafield tag="650" ind1=" " ind2="7">
    <subfield code="0">(RERO)A021007670</subfield>
    <subfield code="a">Psychologie religieuse</subfield>
    <subfield code="2">rero</subfield>
  </datafield>
  <datafield tag="650" ind1=" " ind2="7">
    <subfield code="0">(RERO)A021083335</subfield>
    <subfield code="a">Religions orientales</subfield>
    <subfield code="2">rero</subfield>
  </datafield>
  <datafield tag="700" ind1="1" ind2=" ">
    <subfield code="0">(RERO)A006022351</subfield>
    <subfield code="a">Galuska, Dorothea</subfield>
  </datafield>
  <datafield tag="919" ind1=" " ind2=" ">
    <subfield code="9">650 _7</subfield>
    <subfield code="a">méditation</subfield>
    <subfield code="x">religion orientale</subfield>
    <subfield code="x">* psychologie</subfield>
    <subfield code="2">chrero</subfield>
  </datafield>
  <datafield tag="919" ind1=" " ind2=" ">
    <subfield code="9">650 _7</subfield>
    <subfield code="a">méditation</subfield>
    <subfield code="x">religion orientale</subfield>
    <subfield code="x">* physiologie</subfield>
    <subfield code="2">chrero</subfield>
  </datafield>
  <datafield tag="919" ind1=" " ind2=" ">
    <subfield code="9">650 _7</subfield>
    <subfield code="a">méditation</subfield>
    <subfield code="x">* psychologie de la religion</subfield>
    <subfield code="2">chrero</subfield>
  </datafield>
  <datafield tag="956" ind1=" " ind2=" ">
    <subfield code="a">frbcuc</subfield>
  </datafield>
  <datafield tag="981" ind1=" " ind2=" ">
    <subfield code="2">SPAED</subfield>
    <subfield code="a">F-13</subfield>
  </datafield>
</record>