
<record>
  <leader>00839cas a2200253 a 4500</leader>
  <controlfield tag="001">REROILS:12</controlfield>
  <controlfield tag="005">20190705115100.0</controlfield>
  <controlfield tag="008">961207c19469999be |||m|| ||||0 || 0fre d</controlfield>
  <datafield tag="035" ind1=" " ind2=" ">
    <subfield code="a">0050935</subfield>
  </datafield>
  <datafield tag="039" ind1=" " ind2="9">
    <subfield code="a">201907051151</subfield>
    <subfield code="b">VLOAD</subfield>
    <subfield code="c">201706221050</subfield>
    <subfield code="d">0210</subfield>
    <subfield code="c">201705151512</subfield>
    <subfield code="d">VLOAD</subfield>
    <subfield code="c">200812212229</subfield>
    <subfield code="d">VLOAD</subfield>
    <subfield code="y">1999022711090000</subfield>
    <subfield code="z">load</subfield>
  </datafield>
  <datafield tag="040" ind1=" " ind2=" ">
    <subfield code="a">RERO</subfield>
  </datafield>
  <datafield tag="072" ind1=" " ind2="7">
    <subfield code="a">s1ph</subfield>
    <subfield code="2">rero</subfield>
  </datafield>
  <datafield tag="245" ind1="0" ind2="0">
    <subfield code="a">Bibliothèque philosophique de Louvain</subfield>
  </datafield>
  <datafield tag="264" ind1=" " ind2="1">
    <subfield code="a">Paris :</subfield>
    <subfield code="b">Vrin,</subfield>
    <subfield code="c">1946-&gt;</subfield>
  </datafield>
  <datafield tag="300" ind1=" " ind2=" ">
    <subfield code="c">24 cm</subfield>
  </datafield>
  <datafield tag="336" ind1=" " ind2=" ">
    <subfield code="b">txt</subfield>
    <subfield code="2">rdacontent</subfield>
  </datafield>
  <datafield tag="337" ind1=" " ind2=" ">
    <subfield code="b">n</subfield>
    <subfield code="2">rdamedia</subfield>
  </datafield>
  <datafield tag="338" ind1=" " ind2=" ">
    <subfield code="b">nc</subfield>
    <subfield code="2">rdacarrier</subfield>
  </datafield>
  <datafield tag="362" ind1="0" ind2=" ">
    <subfield code="a">1-&gt;</subfield>
  </datafield>
  <datafield tag="710" ind1="2" ind2=" ">
    <subfield code="0">(RERO)A000190670</subfield>
    <subfield code="a">Katholieke Universiteit Leuven (Louvain).</subfield>
    <subfield code="b">Hoger Instituut voor Wijsbegeerte</subfield>
  </datafield>
  <datafield tag="710" ind1="2" ind2=" ">
    <subfield code="0">(RERO)A000190709</subfield>
    <subfield code="a">Université catholique de Louvain.</subfield>
    <subfield code="b">Institut supérieur de philosophie</subfield>
  </datafield>
  <datafield tag="902" ind1=" " ind2=" ">
    <subfield code="a">suitebge</subfield>
  </datafield>
  <datafield tag="956" ind1=" " ind2=" ">
    <subfield code="a">frbcuc</subfield>
  </datafield>
  <datafield tag="957" ind1=" " ind2=" ">
    <subfield code="a">gevbge</subfield>
  </datafield>
</record>