
<record>
  <leader>02611ngm a2200649 a 4500</leader>
  <controlfield tag="001">REROILS:133</controlfield>
  <controlfield tag="005">20190715153800.0</controlfield>
  <controlfield tag="007">v|</controlfield>
  <controlfield tag="008">110303s2011    sz ||| |  ||||  |  |fre d</controlfield>
  <datafield tag="024" ind1="8" ind2=" ">
    <subfield code="a">X0000-0002-A3B1-0000-0-0000-0000-2</subfield>
  </datafield>
  <datafield tag="035" ind1=" " ind2=" ">
    <subfield code="a">R005947011</subfield>
  </datafield>
  <datafield tag="039" ind1=" " ind2="7">
    <subfield code="b">8200</subfield>
    <subfield code="b">8228</subfield>
  </datafield>
  <datafield tag="039" ind1=" " ind2="9">
    <subfield code="a">201907151538</subfield>
    <subfield code="b">1072</subfield>
    <subfield code="c">201809011703</subfield>
    <subfield code="d">VLOAD</subfield>
    <subfield code="c">201807091628</subfield>
    <subfield code="d">VLOAD</subfield>
    <subfield code="c">201711271505</subfield>
    <subfield code="d">1557</subfield>
    <subfield code="y">201103031443</subfield>
    <subfield code="z">8228</subfield>
  </datafield>
  <datafield tag="040" ind1=" " ind2=" ">
    <subfield code="a">RERO labcur</subfield>
  </datafield>
  <datafield tag="044" ind1=" " ind2=" ">
    <subfield code="a">sz</subfield>
    <subfield code="c">ch-vd</subfield>
  </datafield>
  <datafield tag="072" ind1=" " ind2="7">
    <subfield code="a">s1mu</subfield>
    <subfield code="2">rero</subfield>
  </datafield>
  <datafield tag="245" ind1="0" ind2="0">
    <subfield code="a">Michel Corboz :</subfield>
    <subfield code="b">le combat entre le vrai et le beau /</subfield>
    <subfield code="c">un film de Rinaldo Marasco &amp; Jérôme Piguet ; [prod.] Jean-Louis Porchet &amp; Gérard Ruey</subfield>
  </datafield>
  <datafield tag="264" ind1=" " ind2="1">
    <subfield code="a">[Lausanne] :</subfield>
    <subfield code="b">CAB Prod. : La Fine équipe du 45,</subfield>
    <subfield code="c">2011</subfield>
  </datafield>
  <datafield tag="300" ind1=" " ind2=" ">
    <subfield code="a">1 DVD-vidéo (52 min.)</subfield>
  </datafield>
  <datafield tag="336" ind1=" " ind2=" ">
    <subfield code="b">tdi</subfield>
    <subfield code="2">rdacontent</subfield>
  </datafield>
  <datafield tag="337" ind1=" " ind2=" ">
    <subfield code="b">v</subfield>
    <subfield code="2">rdamedia</subfield>
  </datafield>
  <datafield tag="338" ind1=" " ind2=" ">
    <subfield code="b">vd</subfield>
    <subfield code="2">rdacarrier</subfield>
  </datafield>
  <datafield tag="500" ind1=" " ind2=" ">
    <subfield code="a">Zone 2</subfield>
  </datafield>
  <datafield tag="500" ind1=" " ind2=" ">
    <subfield code="a">Langues : français. Sous-titres : anglais</subfield>
  </datafield>
  <datafield tag="500" ind1=" " ind2=" ">
    <subfield code="a">Image et son: Rinaldo Marasco, Jérôme Piguet, Alain Wirth et Jacques Beaud</subfield>
  </datafield>
  <datafield tag="520" ind1="8" ind2=" ">
    <subfield code="a">Pendant plus de deux ans, les réalisateurs ont suivit l&apos;Ensemble vocal de Lausanne et son chef. Ce film est une immersion intimiste dans l&apos;enregistrement de la Messe en si mineur de Jean-Sébastien Bach (BWV 232)</subfield>
    <subfield code="9">labcur/03.2011/8228</subfield>
  </datafield>
  <datafield tag="600" ind1="1" ind2="7">
    <subfield code="0">(RERO)A010068859</subfield>
    <subfield code="a">Corboz, Michel</subfield>
    <subfield code="2">rero</subfield>
  </datafield>
  <datafield tag="600" ind1="1" ind2="7">
    <subfield code="0">(RERO)A010047959</subfield>
    <subfield code="a">Bach, Johann Sebastian</subfield>
    <subfield code="2">rero</subfield>
  </datafield>
  <datafield tag="650" ind1=" " ind2="7">
    <subfield code="0">(RERO)A009999333</subfield>
    <subfield code="a">interprétation (exécution artistique)</subfield>
    <subfield code="2">rerovoc</subfield>
  </datafield>
  <datafield tag="650" ind1=" " ind2="7">
    <subfield code="0">(RERO)A021070212</subfield>
    <subfield code="a">Messes (musique)</subfield>
    <subfield code="2">rero</subfield>
  </datafield>
  <datafield tag="655" ind1=" " ind2="7">
    <subfield code="0">(RERO)A009950067</subfield>
    <subfield code="a">[DVD vidéo]</subfield>
    <subfield code="2">rerovoc</subfield>
  </datafield>
  <datafield tag="700" ind1="1" ind2=" ">
    <subfield code="0">(RERO)A018554918</subfield>
    <subfield code="a">Marasco, Rinaldo</subfield>
  </datafield>
  <datafield tag="700" ind1="1" ind2=" ">
    <subfield code="0">(RERO)A018554919</subfield>
    <subfield code="a">Piguet, Jérôme</subfield>
  </datafield>
  <datafield tag="700" ind1="1" ind2=" ">
    <subfield code="0">(RERO)A003705680</subfield>
    <subfield code="a">Porchet, Jean-Louis</subfield>
  </datafield>
  <datafield tag="700" ind1="1" ind2=" ">
    <subfield code="0">(RERO)A009049662</subfield>
    <subfield code="a">Ruey, Gérard</subfield>
  </datafield>
  <datafield tag="901" ind1=" " ind2=" ">
    <subfield code="a">LAR CENT</subfield>
    <subfield code="b">2011/03</subfield>
    <subfield code="c">Frib</subfield>
  </datafield>
  <datafield tag="901" ind1=" " ind2=" ">
    <subfield code="a">fribu</subfield>
  </datafield>
  <datafield tag="901" ind1=" " ind2=" ">
    <subfield code="a">bfrc3</subfield>
  </datafield>
  <datafield tag="901" ind1=" " ind2=" ">
    <subfield code="a">bfr2011</subfield>
  </datafield>
  <datafield tag="901" ind1=" " ind2=" ">
    <subfield code="a">LAR CENT</subfield>
    <subfield code="b">2011/03</subfield>
    <subfield code="c">MDT 11</subfield>
  </datafield>
  <datafield tag="901" ind1=" " ind2=" ">
    <subfield code="a">fresp</subfield>
  </datafield>
  <datafield tag="902" ind1=" " ind2=" ">
    <subfield code="a">geiess</subfield>
    <subfield code="b">2015/04</subfield>
    <subfield code="c">FV</subfield>
  </datafield>
  <datafield tag="904" ind1=" " ind2=" ">
    <subfield code="a">neheaana</subfield>
    <subfield code="b">2011/04</subfield>
  </datafield>
  <datafield tag="906" ind1=" " ind2=" ">
    <subfield code="a">mavs1</subfield>
  </datafield>
  <datafield tag="906" ind1=" " ind2=" ">
    <subfield code="a">vsmome</subfield>
    <subfield code="b">2017/11</subfield>
    <subfield code="c">16</subfield>
  </datafield>
  <datafield tag="919" ind1=" " ind2=" ">
    <subfield code="9">600 17</subfield>
    <subfield code="a">Corboz, Michel</subfield>
    <subfield code="v">[DVD vidéo]</subfield>
    <subfield code="2">chrero</subfield>
  </datafield>
  <datafield tag="919" ind1=" " ind2=" ">
    <subfield code="9">650 _7</subfield>
    <subfield code="a">interprétation (exécution artistique)</subfield>
    <subfield code="x">Bach, Johann Sebastian - messe (musique)</subfield>
    <subfield code="v">[DVD vidéo]</subfield>
    <subfield code="2">chrero</subfield>
  </datafield>
  <datafield tag="956" ind1=" " ind2=" ">
    <subfield code="a">frbcuc</subfield>
  </datafield>
  <datafield tag="957" ind1=" " ind2=" ">
    <subfield code="a">geies-</subfield>
  </datafield>
  <datafield tag="962" ind1=" " ind2=" ">
    <subfield code="a">neheaa</subfield>
  </datafield>
  <datafield tag="973" ind1=" " ind2=" ">
    <subfield code="a">vsbcce vsbcvs vsmome</subfield>
  </datafield>
  <datafield tag="981" ind1=" " ind2=" ">
    <subfield code="0">(RERO)0A000214859</subfield>
    <subfield code="2">BF</subfield>
    <subfield code="a">7.90.94.Corboz, Michel (documentation)</subfield>
  </datafield>
  <datafield tag="981" ind1=" " ind2=" ">
    <subfield code="2">FRB</subfield>
    <subfield code="a">7.90.94 CORMD</subfield>
  </datafield>
  <datafield tag="982" ind1=" " ind2=" ">
    <subfield code="2">ge-ies-</subfield>
    <subfield code="a">DVD-2864</subfield>
  </datafield>
  <datafield tag="986" ind1=" " ind2=" ">
    <subfield code="2">cdu-vsmart</subfield>
    <subfield code="a">78/0-6 CORB</subfield>
  </datafield>
  <datafield tag="986" ind1=" " ind2=" ">
    <subfield code="2">cdu-vsprat</subfield>
    <subfield code="a">78/0-6 CORB</subfield>
  </datafield>
  <datafield tag="986" ind1=" " ind2=" ">
    <subfield code="2">cdu-vsmome</subfield>
    <subfield code="a">78.00</subfield>
  </datafield>
</record>