
<record>
  <leader>01226caa a2200313 a 4500</leader>
  <controlfield tag="001">REROILS:134</controlfield>
  <controlfield tag="005">20180827110700.0</controlfield>
  <controlfield tag="008">001026s1980    sz |||||| ||||00|| |ita d</controlfield>
  <datafield tag="035" ind1=" " ind2=" ">
    <subfield code="a">1636959</subfield>
  </datafield>
  <datafield tag="039" ind1=" " ind2=" ">
    <subfield code="b">2204</subfield>
    <subfield code="b">2205c</subfield>
  </datafield>
  <datafield tag="039" ind1=" " ind2="9">
    <subfield code="a">201808271107</subfield>
    <subfield code="b">VLOAD</subfield>
    <subfield code="c">201807011830</subfield>
    <subfield code="d">VLOAD</subfield>
    <subfield code="c">201706101215</subfield>
    <subfield code="d">VLOAD</subfield>
    <subfield code="c">200812210710</subfield>
    <subfield code="d">VLOAD</subfield>
    <subfield code="y">1999030100160000</subfield>
    <subfield code="z">load</subfield>
  </datafield>
  <datafield tag="040" ind1=" " ind2=" ">
    <subfield code="a">RERO tibrlm</subfield>
  </datafield>
  <datafield tag="044" ind1=" " ind2=" ">
    <subfield code="a">sz</subfield>
    <subfield code="c">ch-ti</subfield>
  </datafield>
  <datafield tag="072" ind1=" " ind2="7">
    <subfield code="a">s1se</subfield>
    <subfield code="2">rero</subfield>
  </datafield>
  <datafield tag="245" ind1="0" ind2="3">
    <subfield code="a">Il Ticino e l&apos;economia dei traffici internazionali di transito /</subfield>
    <subfield code="c">P. Caroni... [et al.]</subfield>
  </datafield>
  <datafield tag="264" ind1=" " ind2="1">
    <subfield code="a">Bellinzona :</subfield>
    <subfield code="b">Archivio storico ticinese,</subfield>
    <subfield code="c">[ca 1980]</subfield>
  </datafield>
  <datafield tag="300" ind1=" " ind2=" ">
    <subfield code="a">32 p. :</subfield>
    <subfield code="b">ill. ;</subfield>
    <subfield code="c">28 cm</subfield>
  </datafield>
  <datafield tag="336" ind1=" " ind2=" ">
    <subfield code="b">txt</subfield>
    <subfield code="2">rdacontent</subfield>
  </datafield>
  <datafield tag="337" ind1=" " ind2=" ">
    <subfield code="b">n</subfield>
    <subfield code="2">rdamedia</subfield>
  </datafield>
  <datafield tag="338" ind1=" " ind2=" ">
    <subfield code="b">nc</subfield>
    <subfield code="2">rdacarrier</subfield>
  </datafield>
  <datafield tag="580" ind1=" " ind2=" ">
    <subfield code="a">Tiré à part de: Archivio storico ticinese. - 1980, n. 84, p. 512-542</subfield>
  </datafield>
  <datafield tag="650" ind1=" " ind2="7">
    <subfield code="0">(RERO)A021028036</subfield>
    <subfield code="a">Conditions économiques</subfield>
    <subfield code="2">rero</subfield>
  </datafield>
  <datafield tag="650" ind1=" " ind2="7">
    <subfield code="0">(RERO)A021010512</subfield>
    <subfield code="a">Transports internationaux</subfield>
    <subfield code="2">rero</subfield>
  </datafield>
  <datafield tag="651" ind1=" " ind2="7">
    <subfield code="0">(RERO)A009994971</subfield>
    <subfield code="a">Ticino (Suisse, canton)</subfield>
    <subfield code="2">rero</subfield>
  </datafield>
  <datafield tag="700" ind1="1" ind2=" ">
    <subfield code="0">(RERO)A003078471</subfield>
    <subfield code="a">Caroni, Pio</subfield>
  </datafield>
  <datafield tag="787" ind1="1" ind2=" ">
    <subfield code="t">Archivio storico ticinese</subfield>
    <subfield code="g">1980, n. 84, p. 512-542</subfield>
  </datafield>
  <datafield tag="919" ind1=" " ind2=" ">
    <subfield code="9">650 _7</subfield>
    <subfield code="a">économie</subfield>
    <subfield code="x">transport international</subfield>
    <subfield code="z">Ticino (Suisse, canton)</subfield>
    <subfield code="2">chrero</subfield>
  </datafield>
  <datafield tag="956" ind1=" " ind2=" ">
    <subfield code="a">frbcuc</subfield>
  </datafield>
  <datafield tag="981" ind1=" " ind2=" ">
    <subfield code="2">FSES</subfield>
    <subfield code="a">R033</subfield>
  </datafield>
</record>