
<record>
  <leader>01373nam a2200385 a 4500</leader>
  <controlfield tag="001">REROILS:136</controlfield>
  <controlfield tag="005">20170520230400.0</controlfield>
  <controlfield tag="008">160315s2015    cc ||| |  ||||00|  |chi d</controlfield>
  <datafield tag="035" ind1=" " ind2=" ">
    <subfield code="a">R008388656</subfield>
  </datafield>
  <datafield tag="039" ind1=" " ind2="9">
    <subfield code="a">201705202304</subfield>
    <subfield code="b">VLOAD</subfield>
    <subfield code="c">201603151625</subfield>
    <subfield code="d">8702</subfield>
    <subfield code="c">201603151517</subfield>
    <subfield code="d">8702</subfield>
    <subfield code="y">201603151412</subfield>
    <subfield code="z">8702</subfield>
  </datafield>
  <datafield tag="040" ind1=" " ind2=" ">
    <subfield code="a">RERO ifisdc</subfield>
  </datafield>
  <datafield tag="072" ind1=" " ind2="7">
    <subfield code="a">s1dr</subfield>
    <subfield code="2">rero</subfield>
  </datafield>
  <datafield tag="245" ind1="0" ind2="0">
    <subfield code="6">880-01</subfield>
    <subfield code="a">Guo ji fa =</subfield>
    <subfield code="b">International law /</subfield>
    <subfield code="c">Liang Xi yuan zhu zhu bian, Wang Xianshu fu zhu bian</subfield>
  </datafield>
  <datafield tag="246" ind1="3" ind2=" ">
    <subfield code="a">Guojifa</subfield>
  </datafield>
  <datafield tag="246" ind1="3" ind2=" ">
    <subfield code="a">International law</subfield>
  </datafield>
  <datafield tag="250" ind1=" " ind2=" ">
    <subfield code="6">880-02</subfield>
    <subfield code="a">Di 3 ban /</subfield>
    <subfield code="b">Zeng Lingliang zhu bian</subfield>
  </datafield>
  <datafield tag="264" ind1=" " ind2="1">
    <subfield code="6">880-03</subfield>
    <subfield code="a">Wuhan :</subfield>
    <subfield code="b">Wuhan da xue chu ban she,</subfield>
    <subfield code="c">2015</subfield>
  </datafield>
  <datafield tag="300" ind1=" " ind2=" ">
    <subfield code="a">444 p.</subfield>
  </datafield>
  <datafield tag="336" ind1=" " ind2=" ">
    <subfield code="b">txt</subfield>
    <subfield code="2">rdacontent</subfield>
  </datafield>
  <datafield tag="337" ind1=" " ind2=" ">
    <subfield code="b">n</subfield>
    <subfield code="2">rdamedia</subfield>
  </datafield>
  <datafield tag="338" ind1=" " ind2=" ">
    <subfield code="b">nc</subfield>
    <subfield code="2">rdacarrier</subfield>
  </datafield>
  <datafield tag="490" ind1="0" ind2=" ">
    <subfield code="6">880-04</subfield>
    <subfield code="a">Chuang xin si wei fa xue jiao cai</subfield>
  </datafield>
  <datafield tag="700" ind1="1" ind2=" ">
    <subfield code="0">(RERO)A000104952</subfield>
    <subfield code="6">880-05</subfield>
    <subfield code="a">Liang, Xi</subfield>
  </datafield>
  <datafield tag="700" ind1="1" ind2=" ">
    <subfield code="0">(RERO)A013065996</subfield>
    <subfield code="6">880-06</subfield>
    <subfield code="a">Zeng, Lingliang</subfield>
  </datafield>
  <datafield tag="880" ind1=" " ind2=" ">
    <subfield code="6">250-02</subfield>
    <subfield code="a">第3版 /</subfield>
    <subfield code="b">曾令良主编</subfield>
  </datafield>
  <datafield tag="880" ind1="0" ind2="0">
    <subfield code="6">245-01</subfield>
    <subfield code="a">国际法 =</subfield>
    <subfield code="b">International law /</subfield>
    <subfield code="c">梁西原著主编, 王献枢副主编</subfield>
  </datafield>
  <datafield tag="880" ind1="0" ind2=" ">
    <subfield code="6">490-04</subfield>
    <subfield code="a">创新思维法学教材</subfield>
  </datafield>
  <datafield tag="880" ind1="1" ind2=" ">
    <subfield code="6">700-05</subfield>
    <subfield code="a">梁西</subfield>
  </datafield>
  <datafield tag="880" ind1="1" ind2=" ">
    <subfield code="6">700-06</subfield>
    <subfield code="a">曾令良</subfield>
  </datafield>
  <datafield tag="880" ind1=" " ind2="1">
    <subfield code="6">264-03</subfield>
    <subfield code="a">武汉 :</subfield>
    <subfield code="b">武汉大学出版社,</subfield>
    <subfield code="c">2015</subfield>
  </datafield>
  <datafield tag="903" ind1=" " ind2=" ">
    <subfield code="a">nwisdc</subfield>
    <subfield code="b">1603</subfield>
  </datafield>
  <datafield tag="903" ind1=" " ind2=" ">
    <subfield code="a">donisdc</subfield>
    <subfield code="b">1603</subfield>
  </datafield>
  <datafield tag="953" ind1=" " ind2=" ">
    <subfield code="a">ifisdc</subfield>
  </datafield>
  <datafield tag="980" ind1=" " ind2=" ">
    <subfield code="2">dr-sys</subfield>
    <subfield code="a">CE/RPC 26 g</subfield>
  </datafield>
  <datafield tag="983" ind1=" " ind2=" ">
    <subfield code="2">isdc</subfield>
    <subfield code="a">CE/RPC 26 g GUJF 2015</subfield>
  </datafield>
</record>