
<record>
  <leader>00649nam a2200217 a 4500</leader>
  <controlfield tag="001">REROILS:138</controlfield>
  <controlfield tag="005">20170530151900.0</controlfield>
  <controlfield tag="008">110627s2011    fr ||| |  ||||00|  |fre d</controlfield>
  <datafield tag="024" ind1="7" ind2=" ">
    <subfield code="a">http://catalogue.bnf.fr/ark:/12148/cb426471504</subfield>
    <subfield code="2">uri</subfield>
  </datafield>
  <datafield tag="035" ind1=" " ind2=" ">
    <subfield code="a">R006086821</subfield>
  </datafield>
  <datafield tag="039" ind1=" " ind2="9">
    <subfield code="a">201705301519</subfield>
    <subfield code="b">VLOAD</subfield>
    <subfield code="c">201107211759</subfield>
    <subfield code="d">0022</subfield>
    <subfield code="y">201106271130</subfield>
    <subfield code="z">0081</subfield>
  </datafield>
  <datafield tag="040" ind1=" " ind2=" ">
    <subfield code="a">RERO frbcuc</subfield>
  </datafield>
  <datafield tag="072" ind1=" " ind2="7">
    <subfield code="a">s1fr</subfield>
    <subfield code="2">rero</subfield>
  </datafield>
  <datafield tag="100" ind1="1" ind2=" ">
    <subfield code="0">(RERO)A012072839</subfield>
    <subfield code="a">Cattan, Olivia</subfield>
    <subfield code="4">cre</subfield>
  </datafield>
  <datafield tag="245" ind1="1" ind2="0">
    <subfield code="a">Kabbalah :</subfield>
    <subfield code="b">espéranto /</subfield>
    <subfield code="c">Olivia Cattan</subfield>
  </datafield>
  <datafield tag="264" ind1=" " ind2="1">
    <subfield code="a">Paris :</subfield>
    <subfield code="b">B. Leprince,</subfield>
    <subfield code="c">2011</subfield>
  </datafield>
  <datafield tag="300" ind1=" " ind2=" ">
    <subfield code="a">335 p.</subfield>
  </datafield>
  <datafield tag="336" ind1=" " ind2=" ">
    <subfield code="b">txt</subfield>
    <subfield code="2">rdacontent</subfield>
  </datafield>
  <datafield tag="337" ind1=" " ind2=" ">
    <subfield code="b">n</subfield>
    <subfield code="2">rdamedia</subfield>
  </datafield>
  <datafield tag="338" ind1=" " ind2=" ">
    <subfield code="b">nc</subfield>
    <subfield code="2">rdacarrier</subfield>
  </datafield>
  <datafield tag="956" ind1=" " ind2=" ">
    <subfield code="a">frbcuc</subfield>
  </datafield>
</record>