
<record>
  <leader>00742nas a2200229 a 4500</leader>
  <controlfield tag="001">REROILS:139</controlfield>
  <controlfield tag="005">20170518193500.0</controlfield>
  <controlfield tag="008">050315c1936    xxu|||p|  ||||0 |  0eng d</controlfield>
  <datafield tag="035" ind1=" " ind2=" ">
    <subfield code="a">R003808122</subfield>
  </datafield>
  <datafield tag="039" ind1=" " ind2="9">
    <subfield code="a">201705181935</subfield>
    <subfield code="b">VLOAD</subfield>
    <subfield code="c">201210191849</subfield>
    <subfield code="d">VLOAD</subfield>
    <subfield code="c">200605282016</subfield>
    <subfield code="d">VLOAD</subfield>
    <subfield code="y">200503151643</subfield>
    <subfield code="z">7669</subfield>
  </datafield>
  <datafield tag="040" ind1=" " ind2=" ">
    <subfield code="a">RERO gewcc-</subfield>
  </datafield>
  <datafield tag="072" ind1=" " ind2="7">
    <subfield code="a">s1th</subfield>
    <subfield code="2">rero</subfield>
  </datafield>
  <datafield tag="245" ind1="0" ind2="0">
    <subfield code="a">Radical religion :</subfield>
    <subfield code="b">a quarterly devoted to christianity and social reconstruction</subfield>
  </datafield>
  <datafield tag="264" ind1=" " ind2="1">
    <subfield code="a">New York :</subfield>
    <subfield code="b">Fellowship of Socialist Christians,</subfield>
    <subfield code="c">1936-</subfield>
  </datafield>
  <datafield tag="300" ind1=" " ind2=" ">
    <subfield code="c">26 cm</subfield>
  </datafield>
  <datafield tag="310" ind1=" " ind2=" ">
    <subfield code="a">Quarterly</subfield>
  </datafield>
  <datafield tag="336" ind1=" " ind2=" ">
    <subfield code="b">txt</subfield>
    <subfield code="2">rdacontent</subfield>
  </datafield>
  <datafield tag="337" ind1=" " ind2=" ">
    <subfield code="b">n</subfield>
    <subfield code="2">rdamedia</subfield>
  </datafield>
  <datafield tag="338" ind1=" " ind2=" ">
    <subfield code="b">nc</subfield>
    <subfield code="2">rdacarrier</subfield>
  </datafield>
  <datafield tag="362" ind1="0" ind2=" ">
    <subfield code="a">vol. 1(1936)-</subfield>
  </datafield>
  <datafield tag="710" ind1="2" ind2=" ">
    <subfield code="0">(RERO)A011349913</subfield>
    <subfield code="a">Fellowship of Socialist Christians</subfield>
  </datafield>
  <datafield tag="957" ind1=" " ind2=" ">
    <subfield code="a">gewcc-</subfield>
  </datafield>
</record>