
<record>
  <leader>00760naa a22002297a 4500</leader>
  <controlfield tag="001">REROILS:7</controlfield>
  <controlfield tag="005">20170518140100.0</controlfield>
  <controlfield tag="008">980412s1964    xx ||| |  ||||00|  0eng d</controlfield>
  <datafield tag="035" ind1=" " ind2=" ">
    <subfield code="a">R003455528</subfield>
  </datafield>
  <datafield tag="039" ind1=" " ind2="9">
    <subfield code="a">201705181401</subfield>
    <subfield code="b">VLOAD</subfield>
    <subfield code="c">201605141150</subfield>
    <subfield code="d">VLOAD</subfield>
    <subfield code="c">201210191821</subfield>
    <subfield code="d">VLOAD</subfield>
    <subfield code="c">201112192248</subfield>
    <subfield code="d">VLOAD</subfield>
    <subfield code="y">200506232344</subfield>
    <subfield code="z">VLOAD</subfield>
  </datafield>
  <datafield tag="040" ind1=" " ind2=" ">
    <subfield code="a">RERO gewcc-</subfield>
  </datafield>
  <datafield tag="072" ind1=" " ind2="7">
    <subfield code="a">s1th</subfield>
    <subfield code="2">rero</subfield>
  </datafield>
  <datafield tag="100" ind1="1" ind2=" ">
    <subfield code="0">(RERO)A003241224</subfield>
    <subfield code="a">Fey, Harold E</subfield>
    <subfield code="4">cre</subfield>
  </datafield>
  <datafield tag="245" ind1="1" ind2="0">
    <subfield code="a">Methodists chill Cocu /</subfield>
    <subfield code="c">Harold E. Fey</subfield>
  </datafield>
  <datafield tag="264" ind1=" " ind2="1">
    <subfield code="c">1964</subfield>
  </datafield>
  <datafield tag="336" ind1=" " ind2=" ">
    <subfield code="b">txt</subfield>
    <subfield code="2">rdacontent</subfield>
  </datafield>
  <datafield tag="337" ind1=" " ind2=" ">
    <subfield code="b">n</subfield>
    <subfield code="2">rdamedia</subfield>
  </datafield>
  <datafield tag="338" ind1=" " ind2=" ">
    <subfield code="b">nc</subfield>
    <subfield code="2">rdacarrier</subfield>
  </datafield>
  <datafield tag="580" ind1=" " ind2=" ">
    <subfield code="a">In: Christian Century ; vol. 81, 1964, p. 599-600</subfield>
  </datafield>
  <datafield tag="773" ind1="1" ind2=" ">
    <subfield code="t">Christian century</subfield>
    <subfield code="g">vol. 81, 1964, p. 599-600</subfield>
    <subfield code="w">REROILS:8</subfield>
  </datafield>
  <datafield tag="957" ind1=" " ind2=" ">
    <subfield code="a">gewcc-</subfield>
  </datafield>
  <datafield tag="982" ind1=" " ind2=" ">
    <subfield code="2">wccsh</subfield>
    <subfield code="a">Church union in the Usa</subfield>
  </datafield>
</record>