
<record>
  <leader>01491cam a2200445 a 4500</leader>
  <controlfield tag="001">REROILS:13</controlfield>
  <controlfield tag="005">20180926143700.0</controlfield>
  <controlfield tag="008">150330s2015    fr ||| |  ||||00|  |fre d</controlfield>
  <datafield tag="024" ind1="7" ind2=" ">
    <subfield code="a">http://catalogue.bnf.fr/ark:/12148/cb442907992</subfield>
    <subfield code="2">uri</subfield>
  </datafield>
  <datafield tag="035" ind1=" " ind2=" ">
    <subfield code="a">R008109613</subfield>
  </datafield>
  <datafield tag="039" ind1=" " ind2="9">
    <subfield code="a">201905141028</subfield>
    <subfield code="b">3812</subfield>
    <subfield code="c">201809261437</subfield>
    <subfield code="d">3710</subfield>
    <subfield code="c">201809261154</subfield>
    <subfield code="d">3710</subfield>
    <subfield code="c">201808281052</subfield>
    <subfield code="d">3822</subfield>
    <subfield code="y">201503301518</subfield>
    <subfield code="z">1325</subfield>
  </datafield>
  <datafield tag="040" ind1=" " ind2=" ">
    <subfield code="a">RERO vsbcvs</subfield>
  </datafield>
  <datafield tag="072" ind1=" " ind2="7">
    <subfield code="a">s1fr</subfield>
    <subfield code="2">rero</subfield>
  </datafield>
  <datafield tag="100" ind1="1" ind2=" ">
    <subfield code="0">(RERO)A013433466</subfield>
    <subfield code="a">Plas, Alain</subfield>
    <subfield code="4">cre</subfield>
  </datafield>
  <datafield tag="245" ind1="1" ind2="3">
    <subfield code="a">La folle invention du professeur Plac /</subfield>
    <subfield code="c">Alain Plas</subfield>
  </datafield>
  <datafield tag="264" ind1=" " ind2="1">
    <subfield code="a">Paris :</subfield>
    <subfield code="b">Le Pommier,</subfield>
    <subfield code="c">2015</subfield>
  </datafield>
  <datafield tag="300" ind1=" " ind2=" ">
    <subfield code="a">137 p.</subfield>
  </datafield>
  <datafield tag="336" ind1=" " ind2=" ">
    <subfield code="b">txt</subfield>
    <subfield code="2">rdacontent</subfield>
  </datafield>
  <datafield tag="337" ind1=" " ind2=" ">
    <subfield code="b">n</subfield>
    <subfield code="2">rdamedia</subfield>
  </datafield>
  <datafield tag="338" ind1=" " ind2=" ">
    <subfield code="b">nc</subfield>
    <subfield code="2">rdacarrier</subfield>
  </datafield>
  <datafield tag="490" ind1="1" ind2=" ">
    <subfield code="a">Chasseurs de temps / Alain Plas</subfield>
    <subfield code="v">1</subfield>
  </datafield>
  <datafield tag="490" ind1="0" ind2=" ">
    <subfield code="a">Romans &amp; plus junior</subfield>
  </datafield>
  <datafield tag="520" ind1="8" ind2=" ">
    <subfield code="a">Fictions jeunesse: roman, préhistoire, science fiction</subfield>
    <subfield code="9">vssibj/07.2015</subfield>
  </datafield>
  <datafield tag="521" ind1=" " ind2=" ">
    <subfield code="a">Enfants (9-12 ans)</subfield>
    <subfield code="9">vssibj/07.2015</subfield>
  </datafield>
  <datafield tag="800" ind1="1" ind2=" ">
    <subfield code="a">Plas, Alain. -</subfield>
    <subfield code="t">Chasseurs de temps</subfield>
    <subfield code="v">1</subfield>
    <subfield code="w">REROILS:14</subfield>
  </datafield>
  <datafield tag="904" ind1=" " ind2=" ">
    <subfield code="a">necfesfna</subfield>
    <subfield code="b">1612</subfield>
    <subfield code="c">01</subfield>
  </datafield>
  <datafield tag="904" ind1=" " ind2=" ">
    <subfield code="a">necfesbna</subfield>
    <subfield code="b">1612</subfield>
    <subfield code="c">01</subfield>
  </datafield>
  <datafield tag="904" ind1=" " ind2=" ">
    <subfield code="a">necfesnna</subfield>
    <subfield code="b">1612</subfield>
    <subfield code="c">01</subfield>
  </datafield>
  <datafield tag="906" ind1=" " ind2=" ">
    <subfield code="a">vssibj</subfield>
    <subfield code="b">2015/07</subfield>
    <subfield code="c">04</subfield>
  </datafield>
  <datafield tag="906" ind1=" " ind2=" ">
    <subfield code="a">vsmome</subfield>
    <subfield code="b">2015/09</subfield>
    <subfield code="c">02</subfield>
  </datafield>
  <datafield tag="962" ind1=" " ind2=" ">
    <subfield code="a">necfes necmih</subfield>
  </datafield>
  <datafield tag="973" ind1=" " ind2=" ">
    <subfield code="a">vsbcvs vsmome</subfield>
  </datafield>
  <datafield tag="984" ind1=" " ind2=" ">
    <subfield code="2">ne-cfbj</subfield>
    <subfield code="a">voyage dans le temps</subfield>
    <subfield code="e">[fiction]</subfield>
  </datafield>
  <datafield tag="984" ind1=" " ind2=" ">
    <subfield code="2">ne-cfbj</subfield>
    <subfield code="a">[science-fiction]</subfield>
  </datafield>
  <datafield tag="986" ind1=" " ind2=" ">
    <subfield code="2">cdu-vssibj</subfield>
    <subfield code="a">PLAS</subfield>
  </datafield>
  <datafield tag="986" ind1=" " ind2=" ">
    <subfield code="2">cdu-vsmome</subfield>
    <subfield code="a">PLAS</subfield>
  </datafield>
  <datafield tag="994" ind1=" " ind2=" ">
    <subfield code="a">ESCFF PLA</subfield>
    <subfield code="x">-</subfield>
  </datafield>
  <datafield tag="994" ind1=" " ind2=" ">
    <subfield code="a">ESCFB PLA</subfield>
    <subfield code="x">-</subfield>
  </datafield>
  <datafield tag="994" ind1=" " ind2=" ">
    <subfield code="a">ESCFN PLA</subfield>
    <subfield code="x">-</subfield>
  </datafield>
  <datafield tag="994" ind1=" " ind2=" ">
    <subfield code="a">CMIH 82-3 PLA</subfield>
    <subfield code="x">-</subfield>
  </datafield>
</record>