
<record>
  <leader>00604cam a2200205 a 4500</leader>
  <controlfield tag="001">REROILS:14</controlfield>
  <controlfield tag="005">20170520221000.0</controlfield>
  <controlfield tag="008">150707m20159999fr |||m|| ||||00|| 0fre d</controlfield>
  <datafield tag="019" ind1=" " ind2=" ">
    <subfield code="a">Niveau supérieur !!!</subfield>
    <subfield code="9">vsbcvs/07.2015</subfield>
  </datafield>
  <datafield tag="035" ind1=" " ind2=" ">
    <subfield code="a">R008193427</subfield>
  </datafield>
  <datafield tag="039" ind1=" " ind2="9">
    <subfield code="a">201705202210</subfield>
    <subfield code="b">VLOAD</subfield>
    <subfield code="c">201604201803</subfield>
    <subfield code="d">VLOAD</subfield>
    <subfield code="y">201507071102</subfield>
    <subfield code="z">1325</subfield>
  </datafield>
  <datafield tag="040" ind1=" " ind2=" ">
    <subfield code="a">a RERO vsbcvs</subfield>
  </datafield>
  <datafield tag="072" ind1=" " ind2="7">
    <subfield code="a">s1fr</subfield>
    <subfield code="2">rero</subfield>
  </datafield>
  <datafield tag="100" ind1="1" ind2=" ">
    <subfield code="0">(RERO)A013433466</subfield>
    <subfield code="a">Plas, Alain</subfield>
    <subfield code="4">cre</subfield>
  </datafield>
  <datafield tag="245" ind1="1" ind2="0">
    <subfield code="a">Chasseurs de temps /</subfield>
    <subfield code="c">Alain Plas</subfield>
  </datafield>
  <datafield tag="264" ind1=" " ind2="1">
    <subfield code="a">Paris :</subfield>
    <subfield code="b">Le Pommier,</subfield>
    <subfield code="c">2015-</subfield>
  </datafield>
  <datafield tag="336" ind1=" " ind2=" ">
    <subfield code="b">txt</subfield>
    <subfield code="2">rdacontent</subfield>
  </datafield>
  <datafield tag="337" ind1=" " ind2=" ">
    <subfield code="b">n</subfield>
    <subfield code="2">rdamedia</subfield>
  </datafield>
  <datafield tag="338" ind1=" " ind2=" ">
    <subfield code="b">nc</subfield>
    <subfield code="2">rdacarrier</subfield>
  </datafield>
  <datafield tag="973" ind1=" " ind2=" ">
    <subfield code="a">vsbcvs</subfield>
  </datafield>
</record>