
<record>
  <leader>01428nas a2200469 a 4500</leader>
  <controlfield tag="001">REROILS:145</controlfield>
  <controlfield tag="005">20190705132500.0</controlfield>
  <controlfield tag="008">050419c20059999sz |||p|  ||||0 |  0fre d</controlfield>
  <datafield tag="022" ind1=" " ind2=" ">
    <subfield code="a">1661-2833</subfield>
  </datafield>
  <datafield tag="035" ind1=" " ind2=" ">
    <subfield code="a">R003826164</subfield>
  </datafield>
  <datafield tag="039" ind1=" " ind2="7">
    <subfield code="b">6207</subfield>
  </datafield>
  <datafield tag="039" ind1=" " ind2="9">
    <subfield code="a">201907051325</subfield>
    <subfield code="b">VLOAD</subfield>
    <subfield code="c">201811161841</subfield>
    <subfield code="d">VLOAD</subfield>
    <subfield code="c">201807041129</subfield>
    <subfield code="d">VLOAD</subfield>
    <subfield code="c">201801260846</subfield>
    <subfield code="d">VLOAD</subfield>
    <subfield code="y">200504191539</subfield>
    <subfield code="z">6207</subfield>
  </datafield>
  <datafield tag="040" ind1=" " ind2=" ">
    <subfield code="a">RERO gevbaa</subfield>
  </datafield>
  <datafield tag="044" ind1=" " ind2=" ">
    <subfield code="a">sz</subfield>
    <subfield code="c">ch-ge</subfield>
    <subfield code="a">sz</subfield>
    <subfield code="c">ch-vd</subfield>
  </datafield>
  <datafield tag="072" ind1=" " ind2="7">
    <subfield code="a">s1ba</subfield>
    <subfield code="2">rero</subfield>
  </datafield>
  <datafield tag="245" ind1="0" ind2="0">
    <subfield code="a">Art passions :</subfield>
    <subfield code="b">[revue d&apos;art et de culture]</subfield>
  </datafield>
  <datafield tag="246" ind1="3" ind2=" ">
    <subfield code="a">Artpassions</subfield>
  </datafield>
  <datafield tag="246" ind1="3" ind2=" ">
    <subfield code="a">Art passions : revue suisse d&apos;art et de culture</subfield>
  </datafield>
  <datafield tag="246" ind1="3" ind2=" ">
    <subfield code="a">Artpassions : revue suisse d&apos;art et de culture</subfield>
  </datafield>
  <datafield tag="264" ind1=" " ind2="1">
    <subfield code="a">Genève :</subfield>
    <subfield code="b">SAM Communication,</subfield>
    <subfield code="c">2005-</subfield>
  </datafield>
  <datafield tag="264" ind1=" " ind2="3">
    <subfield code="a">Renens :</subfield>
    <subfield code="b">IRL</subfield>
  </datafield>
  <datafield tag="300" ind1=" " ind2=" ">
    <subfield code="c">30 cm</subfield>
  </datafield>
  <datafield tag="310" ind1=" " ind2=" ">
    <subfield code="a">Trimestriel</subfield>
  </datafield>
  <datafield tag="336" ind1=" " ind2=" ">
    <subfield code="b">txt</subfield>
    <subfield code="2">rdacontent</subfield>
  </datafield>
  <datafield tag="337" ind1=" " ind2=" ">
    <subfield code="b">n</subfield>
    <subfield code="2">rdamedia</subfield>
  </datafield>
  <datafield tag="338" ind1=" " ind2=" ">
    <subfield code="b">nc</subfield>
    <subfield code="2">rdacarrier</subfield>
  </datafield>
  <datafield tag="362" ind1="0" ind2=" ">
    <subfield code="a">No 1(2005)-</subfield>
  </datafield>
  <datafield tag="521" ind1=" " ind2=" ">
    <subfield code="a">Tertiaire</subfield>
    <subfield code="9">frvhep/11.2016</subfield>
  </datafield>
  <datafield tag="521" ind1=" " ind2=" ">
    <subfield code="a">Formateurs HEP</subfield>
    <subfield code="9">frvhep/11.2016</subfield>
  </datafield>
  <datafield tag="583" ind1=" " ind2=" ">
    <subfield code="5">gevbge BGE Rw 670</subfield>
    <subfield code="z">2</subfield>
  </datafield>
  <datafield tag="650" ind1=" " ind2="7">
    <subfield code="0">(RERO)A021003423</subfield>
    <subfield code="a">Art</subfield>
    <subfield code="2">rero</subfield>
  </datafield>
  <datafield tag="655" ind1=" " ind2="7">
    <subfield code="0">(RERO)A021002597</subfield>
    <subfield code="a">[Périodiques]</subfield>
    <subfield code="2">rero</subfield>
  </datafield>
  <datafield tag="901" ind1=" " ind2=" ">
    <subfield code="a">LAR HEPFR</subfield>
    <subfield code="b">2016/11</subfield>
    <subfield code="c">1</subfield>
  </datafield>
  <datafield tag="902" ind1=" " ind2=" ">
    <subfield code="a">baap</subfield>
  </datafield>
  <datafield tag="902" ind1=" " ind2=" ">
    <subfield code="a">gevbaa</subfield>
    <subfield code="b">2005/04</subfield>
    <subfield code="c">801</subfield>
  </datafield>
  <datafield tag="902" ind1=" " ind2=" ">
    <subfield code="a">gedoc</subfield>
  </datafield>
  <datafield tag="919" ind1=" " ind2=" ">
    <subfield code="9">650 _7</subfield>
    <subfield code="a">art</subfield>
    <subfield code="v">[périodique]</subfield>
    <subfield code="2">chrero</subfield>
  </datafield>
  <datafield tag="956" ind1=" " ind2=" ">
    <subfield code="a">frbcuc frvhep</subfield>
  </datafield>
  <datafield tag="957" ind1=" " ind2=" ">
    <subfield code="a">gevbaa gevbge</subfield>
  </datafield>
  <datafield tag="973" ind1=" " ind2=" ">
    <subfield code="a">vsbcce vsbcvs</subfield>
  </datafield>
  <datafield tag="981" ind1=" " ind2=" ">
    <subfield code="2">HEPSUP</subfield>
    <subfield code="a">revue</subfield>
  </datafield>
  <datafield tag="986" ind1=" " ind2=" ">
    <subfield code="2">cdu-vsmart</subfield>
    <subfield code="a">7</subfield>
  </datafield>
</record>