
<record>
  <leader>01081ncm a2200301 a 4500</leader>
  <controlfield tag="001">REROILS:146</controlfield>
  <controlfield tag="005">20180820204300.0</controlfield>
  <controlfield tag="008">051107s1959    xxu|||||| ||||  |  |und d</controlfield>
  <datafield tag="019" ind1=" " ind2=" ">
    <subfield code="a">cat. d&apos;après la page de couv.</subfield>
    <subfield code="9">vsbcvs</subfield>
  </datafield>
  <datafield tag="035" ind1=" " ind2=" ">
    <subfield code="a">R003935615</subfield>
  </datafield>
  <datafield tag="039" ind1=" " ind2="9">
    <subfield code="a">201808202043</subfield>
    <subfield code="b">VLOAD</subfield>
    <subfield code="c">201705190848</subfield>
    <subfield code="d">VLOAD</subfield>
    <subfield code="c">201605141656</subfield>
    <subfield code="d">VLOAD</subfield>
    <subfield code="c">201312091650</subfield>
    <subfield code="d">VLOAD</subfield>
    <subfield code="y">200511071102</subfield>
    <subfield code="z">1035</subfield>
  </datafield>
  <datafield tag="040" ind1=" " ind2=" ">
    <subfield code="a">RERO vsbcvs</subfield>
  </datafield>
  <datafield tag="072" ind1=" " ind2="7">
    <subfield code="a">s1mu</subfield>
    <subfield code="2">rero</subfield>
  </datafield>
  <datafield tag="100" ind1="1" ind2=" ">
    <subfield code="0">(RERO)A011766479</subfield>
    <subfield code="a">Marek, Robert</subfield>
    <subfield code="4">cre</subfield>
  </datafield>
  <datafield tag="245" ind1="1" ind2="0">
    <subfield code="a">Trio for brass intruments :</subfield>
    <subfield code="b">trumpet, horn, trombone /</subfield>
    <subfield code="c">Robert Marek</subfield>
  </datafield>
  <datafield tag="264" ind1=" " ind2="1">
    <subfield code="a">North Easton :</subfield>
    <subfield code="b">R. King Music,</subfield>
    <subfield code="c">[1959]</subfield>
  </datafield>
  <datafield tag="264" ind1=" " ind2="4">
    <subfield code="c">© 1959</subfield>
  </datafield>
  <datafield tag="300" ind1=" " ind2=" ">
    <subfield code="a">1 partition (10 p.) ;</subfield>
    <subfield code="c">28 cm +</subfield>
    <subfield code="e">3 parties</subfield>
  </datafield>
  <datafield tag="336" ind1=" " ind2=" ">
    <subfield code="b">ntm</subfield>
    <subfield code="2">rdacontent</subfield>
  </datafield>
  <datafield tag="337" ind1=" " ind2=" ">
    <subfield code="b">n</subfield>
    <subfield code="2">rdamedia</subfield>
  </datafield>
  <datafield tag="338" ind1=" " ind2=" ">
    <subfield code="b">nc</subfield>
    <subfield code="2">rdacarrier</subfield>
  </datafield>
  <datafield tag="490" ind1="1" ind2=" ">
    <subfield code="a">Music for brass</subfield>
    <subfield code="v">No. 216</subfield>
  </datafield>
  <datafield tag="700" ind1="1" ind2="2">
    <subfield code="a">Marek, Robert. -</subfield>
    <subfield code="t">Trios.</subfield>
    <subfield code="m">Trompette, cor, trombone</subfield>
    <subfield code="h">[Musique imprimée]</subfield>
  </datafield>
  <datafield tag="830" ind1=" " ind2="0">
    <subfield code="a">Music for Brass</subfield>
    <subfield code="v">216</subfield>
  </datafield>
  <datafield tag="906" ind1=" " ind2=" ">
    <subfield code="a">fonds CNEM</subfield>
  </datafield>
  <datafield tag="973" ind1=" " ind2=" ">
    <subfield code="a">vsbcvs</subfield>
  </datafield>
  <datafield tag="980" ind1=" " ind2=" ">
    <subfield code="2">musg</subfield>
    <subfield code="a">Trio</subfield>
    <subfield code="d">trompette, cor, trombone</subfield>
    <subfield code="e">1951-2000</subfield>
  </datafield>
  <datafield tag="980" ind1=" " ind2=" ">
    <subfield code="2">musi</subfield>
    <subfield code="a">trompette, cor, trombone</subfield>
  </datafield>
</record>