
<record>
  <leader>01399nas a22003252a 4500</leader>
  <controlfield tag="001">REROILS:148</controlfield>
  <controlfield tag="005">20190705123900.0</controlfield>
  <controlfield tag="008">001004c19679999sz |||m|  ||||0 |  0ger d</controlfield>
  <datafield tag="019" ind1=" " ind2=" ">
    <subfield code="a">Copié dans Helveticat</subfield>
    <subfield code="9">vsbcvs/09.00</subfield>
  </datafield>
  <datafield tag="022" ind1=" " ind2=" ">
    <subfield code="a">0582-1746</subfield>
  </datafield>
  <datafield tag="035" ind1=" " ind2=" ">
    <subfield code="a">R275202660</subfield>
  </datafield>
  <datafield tag="039" ind1=" " ind2=" ">
    <subfield code="b">1009i</subfield>
    <subfield code="b">1003</subfield>
  </datafield>
  <datafield tag="039" ind1=" " ind2="9">
    <subfield code="a">201907051239</subfield>
    <subfield code="b">VLOAD</subfield>
    <subfield code="c">201808301441</subfield>
    <subfield code="d">VLOAD</subfield>
    <subfield code="c">201706111330</subfield>
    <subfield code="d">VLOAD</subfield>
    <subfield code="c">200605290653</subfield>
    <subfield code="d">VLOAD</subfield>
    <subfield code="y">200009300050</subfield>
    <subfield code="z">VLOAD</subfield>
  </datafield>
  <datafield tag="040" ind1=" " ind2=" ">
    <subfield code="a">RERO vsbcvs</subfield>
  </datafield>
  <datafield tag="041" ind1="0" ind2=" ">
    <subfield code="a">ger</subfield>
    <subfield code="a">fre</subfield>
    <subfield code="a">ita</subfield>
  </datafield>
  <datafield tag="245" ind1="0" ind2="0">
    <subfield code="a">Schriftenreihe / Schweizerische Vereinigung für Ernährung =</subfield>
    <subfield code="b">Série de cahiers / Association suisse pour l&apos;alimentation = Collana di opuscoli / Associazione svizzera per l&apos;alimentazione</subfield>
  </datafield>
  <datafield tag="246" ind1="3" ind2=" ">
    <subfield code="a">Série de cahiers / Association suisse pour l&apos;alimentation</subfield>
  </datafield>
  <datafield tag="246" ind1="3" ind2=" ">
    <subfield code="a">Collana di opuscoli / Associazione svizzera per l&apos;alimentazione</subfield>
  </datafield>
  <datafield tag="264" ind1=" " ind2="1">
    <subfield code="a">Bern :</subfield>
    <subfield code="b">Schweizerische Vereinigung für Ernährung,</subfield>
    <subfield code="c">1967-&gt;</subfield>
  </datafield>
  <datafield tag="300" ind1=" " ind2=" ">
    <subfield code="c">21 cm</subfield>
  </datafield>
  <datafield tag="336" ind1=" " ind2=" ">
    <subfield code="b">txt</subfield>
    <subfield code="2">rdacontent</subfield>
  </datafield>
  <datafield tag="337" ind1=" " ind2=" ">
    <subfield code="b">n</subfield>
    <subfield code="2">rdamedia</subfield>
  </datafield>
  <datafield tag="338" ind1=" " ind2=" ">
    <subfield code="b">nc</subfield>
    <subfield code="2">rdacarrier</subfield>
  </datafield>
  <datafield tag="362" ind1="0" ind2=" ">
    <subfield code="a">H. 1(1967)-&gt;</subfield>
  </datafield>
  <datafield tag="650" ind1=" " ind2="7">
    <subfield code="0">(RERO)A021065105</subfield>
    <subfield code="a">Alimentation</subfield>
    <subfield code="2">rero</subfield>
  </datafield>
  <datafield tag="650" ind1=" " ind2="7">
    <subfield code="0">(RERO)A021006421</subfield>
    <subfield code="a">Hygiène</subfield>
    <subfield code="2">rero</subfield>
  </datafield>
  <datafield tag="651" ind1=" " ind2="7">
    <subfield code="0">(RERO)A010021522</subfield>
    <subfield code="a">Suisse</subfield>
    <subfield code="2">rero</subfield>
  </datafield>
  <datafield tag="655" ind1=" " ind2="7">
    <subfield code="0">(RERO)A023191813</subfield>
    <subfield code="a">[Publications officielles]</subfield>
    <subfield code="2">rero</subfield>
  </datafield>
  <datafield tag="710" ind1="2" ind2=" ">
    <subfield code="0">(RERO)A000013078</subfield>
    <subfield code="a">Association suisse pour l&apos;alimentation</subfield>
  </datafield>
  <datafield tag="919" ind1=" " ind2=" ">
    <subfield code="9">650 _7</subfield>
    <subfield code="a">alimentation</subfield>
    <subfield code="x">hygiène</subfield>
    <subfield code="z">Suisse</subfield>
    <subfield code="v">[publication officielle]</subfield>
    <subfield code="2">chrero</subfield>
  </datafield>
</record>