
<record>
  <leader>03081cam a22005652a 4500</leader>
  <controlfield tag="001">REROILS:151</controlfield>
  <controlfield tag="005">20200505160800.0</controlfield>
  <controlfield tag="008">180530s2016    is ||| |  ||||00|  |heb d</controlfield>
  <datafield tag="020" ind1=" " ind2=" ">
    <subfield code="a">9789652784636</subfield>
  </datafield>
  <datafield tag="024" ind1="7" ind2=" ">
    <subfield code="a">7290105422026</subfield>
    <subfield code="2">danacode</subfield>
  </datafield>
  <datafield tag="035" ind1=" " ind2=" ">
    <subfield code="a">R008803187</subfield>
  </datafield>
  <datafield tag="039" ind1=" " ind2="7">
    <subfield code="b">6201</subfield>
  </datafield>
  <datafield tag="039" ind1=" " ind2="9">
    <subfield code="a">202005051608</subfield>
    <subfield code="b">6005</subfield>
    <subfield code="c">201902151226</subfield>
    <subfield code="d">VLOAD</subfield>
    <subfield code="c">201805301509</subfield>
    <subfield code="d">6201</subfield>
    <subfield code="y">201805301457</subfield>
    <subfield code="z">6201</subfield>
  </datafield>
  <datafield tag="040" ind1=" " ind2=" ">
    <subfield code="a">WEINB</subfield>
    <subfield code="b">eng</subfield>
    <subfield code="e">rda</subfield>
    <subfield code="d">OCLCO</subfield>
    <subfield code="d">HLS</subfield>
    <subfield code="d">OCLCO</subfield>
    <subfield code="d">OCLCF</subfield>
    <subfield code="d">OSU</subfield>
    <subfield code="d">OCL</subfield>
    <subfield code="d">NLGGC</subfield>
    <subfield code="d">OCLCQ</subfield>
    <subfield code="d">DLC</subfield>
    <subfield code="d">RERO gevbaa</subfield>
  </datafield>
  <datafield tag="041" ind1="0" ind2=" ">
    <subfield code="a">heb</subfield>
    <subfield code="a">eng</subfield>
  </datafield>
  <datafield tag="072" ind1=" " ind2="7">
    <subfield code="a">s1ba</subfield>
    <subfield code="2">rero</subfield>
  </datafield>
  <datafield tag="245" ind1="0" ind2="0">
    <subfield code="6">880-01</subfield>
    <subfield code="a">Tsel ha-tsevaʻ :</subfield>
    <subfield code="b">Otto Freundlich, Len Lye, Lygia Clark, Blinky Palermo = The shadow of color : Otto Freundlich, Len Lye, Lygia Clark, Blinky Palermo /</subfield>
    <subfield code="c">otseret, Riṭah Ḳersṭing</subfield>
  </datafield>
  <datafield tag="246" ind1="3" ind2=" ">
    <subfield code="a">Shadow of color</subfield>
  </datafield>
  <datafield tag="264" ind1=" " ind2="1">
    <subfield code="6">880-02</subfield>
    <subfield code="a">Yerushalayim :</subfield>
    <subfield code="b">Muzeʼon Yiśraʼel,</subfield>
    <subfield code="c">2016</subfield>
  </datafield>
  <datafield tag="300" ind1=" " ind2=" ">
    <subfield code="a">27, 120 pages :</subfield>
    <subfield code="b">illustrations (chiefly color) ;</subfield>
    <subfield code="c">27 cm</subfield>
  </datafield>
  <datafield tag="336" ind1=" " ind2=" ">
    <subfield code="b">txt</subfield>
    <subfield code="2">rdacontent</subfield>
  </datafield>
  <datafield tag="337" ind1=" " ind2=" ">
    <subfield code="b">n</subfield>
    <subfield code="2">rdamedia</subfield>
  </datafield>
  <datafield tag="338" ind1=" " ind2=" ">
    <subfield code="b">nc</subfield>
    <subfield code="2">rdacarrier</subfield>
  </datafield>
  <datafield tag="490" ind1="1" ind2=" ">
    <subfield code="a">Qạṭalôg / Yiśraʾel mûzêʾôn 646</subfield>
  </datafield>
  <datafield tag="500" ind1=" " ind2=" ">
    <subfield code="a">Catalogue for the exhibition held at the Israel Museum, Jerusalem, December 2016-April 2017</subfield>
  </datafield>
  <datafield tag="500" ind1=" " ind2=" ">
    <subfield code="a">The artists whose works are united in this exhibition come from three different continents, and their combined lifetimes span the breadth of the twentieth century... They grew out of their own disparate backgrounds and settings, and yet they were fiercely individualistic... And today, all of them... are acknowledged as important figures in the history of twentieth-century art, whose influence on younger generations of artists would come to be substantial.--Foreword, page 5</subfield>
  </datafield>
  <datafield tag="504" ind1=" " ind2=" ">
    <subfield code="a">Includes bibliographical references</subfield>
  </datafield>
  <datafield tag="600" ind1="1" ind2="0">
    <subfield code="a">Clark, Lygia,</subfield>
    <subfield code="d">1920-1988</subfield>
    <subfield code="v">Exhibitions</subfield>
  </datafield>
  <datafield tag="600" ind1="1" ind2="0">
    <subfield code="a">Freundlich, Otto,</subfield>
    <subfield code="d">1878-1943</subfield>
    <subfield code="v">Exhibitions</subfield>
  </datafield>
  <datafield tag="600" ind1="1" ind2="0">
    <subfield code="a">Lye, Len,</subfield>
    <subfield code="d">1901-1980</subfield>
    <subfield code="v">Exhibitions</subfield>
  </datafield>
  <datafield tag="600" ind1="1" ind2="0">
    <subfield code="a">Palermo,</subfield>
    <subfield code="d">1943-1977</subfield>
    <subfield code="v">Exhibitions</subfield>
  </datafield>
  <datafield tag="600" ind1="1" ind2="7">
    <subfield code="0">(RERO)A010085579</subfield>
    <subfield code="a">Freundlich, Otto</subfield>
    <subfield code="2">rero</subfield>
  </datafield>
  <datafield tag="600" ind1="1" ind2="7">
    <subfield code="0">(RERO)A010198995</subfield>
    <subfield code="a">Lye, Len</subfield>
    <subfield code="2">rero</subfield>
  </datafield>
  <datafield tag="600" ind1="1" ind2="7">
    <subfield code="0">(RERO)A010174766</subfield>
    <subfield code="a">Clark, Lygia</subfield>
    <subfield code="2">rero</subfield>
  </datafield>
  <datafield tag="600" ind1="1" ind2="7">
    <subfield code="0">(RERO)A010127383</subfield>
    <subfield code="a">Palermo, Blinky</subfield>
    <subfield code="2">rero</subfield>
  </datafield>
  <datafield tag="650" ind1=" " ind2="0">
    <subfield code="a">Art</subfield>
    <subfield code="z">Israel</subfield>
    <subfield code="v">Exhibitions</subfield>
  </datafield>
  <datafield tag="650" ind1=" " ind2="0">
    <subfield code="a">Art, Abstract</subfield>
    <subfield code="z">Israel</subfield>
    <subfield code="v">Exhibitions</subfield>
  </datafield>
  <datafield tag="650" ind1=" " ind2="0">
    <subfield code="a">Art, Modern</subfield>
    <subfield code="v">Exhibitions</subfield>
  </datafield>
  <datafield tag="650" ind1=" " ind2="0">
    <subfield code="a">Sculpture</subfield>
    <subfield code="z">Israel</subfield>
    <subfield code="v">Exhibitions</subfield>
  </datafield>
  <datafield tag="650" ind1=" " ind2="0">
    <subfield code="a">Video art</subfield>
    <subfield code="z">Israel</subfield>
    <subfield code="v">Exhibitions</subfield>
  </datafield>
  <datafield tag="655" ind1=" " ind2="7">
    <subfield code="0">(RERO)A021004924</subfield>
    <subfield code="a">[Catalogues d&apos;exposition]</subfield>
    <subfield code="2">rero</subfield>
  </datafield>
  <datafield tag="710" ind1="2" ind2=" ">
    <subfield code="0">(RERO)A000184886</subfield>
    <subfield code="a">Musée d&apos;Israël (Jérusalem)</subfield>
  </datafield>
  <datafield tag="830" ind1=" " ind2="0">
    <subfield code="a">Qạṭalôg / Yiśraʾel mûzêʾôn</subfield>
    <subfield code="v">646</subfield>
  </datafield>
  <datafield tag="880" ind1=" " ind2="1">
    <subfield code="6">264-02/(2/r‏</subfield>
    <subfield code="a">‏ירושלים :‏</subfield>
    <subfield code="b">‏מוזיאון ישראל,‏</subfield>
    <subfield code="c">‏2016</subfield>
  </datafield>
  <datafield tag="880" ind1="0" ind2="0">
    <subfield code="6">245-01/(2/r‏</subfield>
    <subfield code="a">‏צל הצבע :‏</subfield>
    <subfield code="b">‏אוטו פרוינדליך, לן לאי, ליז&apos;יה קלארק, בלינקי פלרמו = The shadow of color : Otto Freundlich, Len Lye, Lygua Clark, Blinky Palermo /‏</subfield>
    <subfield code="c">‏אוצרת, ריטה קרסטינג</subfield>
  </datafield>
  <datafield tag="900" ind1=" " ind2="1">
    <subfield code="a">LOC</subfield>
    <subfield code="b">20180530</subfield>
    <subfield code="c">Droits réservés</subfield>
  </datafield>
  <datafield tag="902" ind1=" " ind2=" ">
    <subfield code="a">gevbaa</subfield>
    <subfield code="b">2018/05</subfield>
    <subfield code="c">520</subfield>
  </datafield>
  <datafield tag="930" ind1=" " ind2=" ">
    <subfield code="a">(LOC) 20001658</subfield>
  </datafield>
  <datafield tag="957" ind1=" " ind2=" ">
    <subfield code="a">gevbaa</subfield>
  </datafield>
  <datafield tag="992" ind1=" " ind2=" ">
    <subfield code="a">BAA 1654</subfield>
    <subfield code="x">ge/vbaa/e/2018/472543-1</subfield>
  </datafield>
</record>