
<record>
  <leader>00771njm a2200241 a 4500</leader>
  <controlfield tag="001">REROILS:155</controlfield>
  <controlfield tag="005">20190704125500.0</controlfield>
  <controlfield tag="007">s|</controlfield>
  <controlfield tag="008">100824m20082014xx ||| |  ||||  |  |und d</controlfield>
  <datafield tag="024" ind1="0" ind2="1">
    <subfield code="a">702391010582 (vol. 2)</subfield>
  </datafield>
  <datafield tag="028" ind1="0" ind2="2">
    <subfield code="a">SR 1025 (vol. 1)</subfield>
  </datafield>
  <datafield tag="028" ind1="0" ind2="2">
    <subfield code="a">SR 1058 (vol. 2)</subfield>
  </datafield>
  <datafield tag="035" ind1=" " ind2=" ">
    <subfield code="a">R005514206</subfield>
  </datafield>
  <datafield tag="039" ind1=" " ind2="9">
    <subfield code="a">201907041255</subfield>
    <subfield code="b">VLOAD</subfield>
    <subfield code="c">201708291543</subfield>
    <subfield code="d">1035</subfield>
    <subfield code="c">201708291129</subfield>
    <subfield code="d">1323</subfield>
    <subfield code="c">201705291837</subfield>
    <subfield code="d">VLOAD</subfield>
    <subfield code="y">201008241129</subfield>
    <subfield code="z">1026</subfield>
  </datafield>
  <datafield tag="040" ind1=" " ind2=" ">
    <subfield code="a">RERO vsbcvs</subfield>
  </datafield>
  <datafield tag="072" ind1=" " ind2="7">
    <subfield code="a">s1mu</subfield>
    <subfield code="2">rero</subfield>
  </datafield>
  <datafield tag="100" ind1="1" ind2=" ">
    <subfield code="0">(RERO)A017938153</subfield>
    <subfield code="a">Pagano, Caio</subfield>
    <subfield code="4">cre</subfield>
  </datafield>
  <datafield tag="245" ind1="1" ind2="0">
    <subfield code="a">Remembrance</subfield>
    <subfield code="h">[Enregistrement sonore] /</subfield>
    <subfield code="c">Caio Pagano</subfield>
  </datafield>
  <datafield tag="264" ind1=" " ind2="1">
    <subfield code="a">[Lieu de publication non identifié] :</subfield>
    <subfield code="b">Soundset Recordings,</subfield>
    <subfield code="c">2008-2014</subfield>
  </datafield>
  <datafield tag="300" ind1=" " ind2=" ">
    <subfield code="a">2 vol.</subfield>
  </datafield>
  <datafield tag="511" ind1="0" ind2=" ">
    <subfield code="a">Pagano, Caio (piano)</subfield>
  </datafield>
  <datafield tag="973" ind1=" " ind2=" ">
    <subfield code="a">vsbcvs</subfield>
  </datafield>
  <datafield tag="986" ind1=" " ind2=" ">
    <subfield code="2">vs-pratcd</subfield>
    <subfield code="a">11</subfield>
  </datafield>
</record>