
<record>
  <leader>01177nam a2200337 a 4500</leader>
  <controlfield tag="001">REROILS:156</controlfield>
  <controlfield tag="005">20180828131100.0</controlfield>
  <controlfield tag="008">000922s1997    gw |||||| ||||00|  |ger d</controlfield>
  <datafield tag="020" ind1=" " ind2=" ">
    <subfield code="a">9783406374111</subfield>
  </datafield>
  <datafield tag="035" ind1=" " ind2=" ">
    <subfield code="a">R271362460</subfield>
  </datafield>
  <datafield tag="039" ind1=" " ind2=" ">
    <subfield code="b">0011</subfield>
    <subfield code="b">0126i</subfield>
  </datafield>
  <datafield tag="039" ind1=" " ind2="9">
    <subfield code="a">201808281311</subfield>
    <subfield code="b">VLOAD</subfield>
    <subfield code="c">201706111229</subfield>
    <subfield code="d">VLOAD</subfield>
    <subfield code="c">200812210824</subfield>
    <subfield code="d">VLOAD</subfield>
    <subfield code="c">200406160837</subfield>
    <subfield code="d">VLOAD</subfield>
    <subfield code="y">200009222032</subfield>
    <subfield code="z">VLOAD</subfield>
  </datafield>
  <datafield tag="040" ind1=" " ind2=" ">
    <subfield code="a">RERO frbcuc</subfield>
  </datafield>
  <datafield tag="072" ind1=" " ind2="7">
    <subfield code="a">s1td</subfield>
    <subfield code="2">rero</subfield>
  </datafield>
  <datafield tag="100" ind1="1" ind2=" ">
    <subfield code="0">(RERO)A003064682</subfield>
    <subfield code="a">Böttiger, Helmut</subfield>
    <subfield code="4">cre</subfield>
  </datafield>
  <datafield tag="245" ind1="1" ind2="0">
    <subfield code="a">Kein Mann, kein Schuss, kein Tor :</subfield>
    <subfield code="b">das Drama des deutschen Fussballs /</subfield>
    <subfield code="c">Helmut Böttiger</subfield>
  </datafield>
  <datafield tag="250" ind1=" " ind2=" ">
    <subfield code="a">[2., erw. und aktualisierte Aufl.]</subfield>
  </datafield>
  <datafield tag="264" ind1=" " ind2="1">
    <subfield code="a">München :</subfield>
    <subfield code="b">C.H. Beck,</subfield>
    <subfield code="c">1997</subfield>
  </datafield>
  <datafield tag="300" ind1=" " ind2=" ">
    <subfield code="a">215 S. :</subfield>
    <subfield code="b">Ill. ;</subfield>
    <subfield code="c">18 cm</subfield>
  </datafield>
  <datafield tag="336" ind1=" " ind2=" ">
    <subfield code="b">txt</subfield>
    <subfield code="2">rdacontent</subfield>
  </datafield>
  <datafield tag="337" ind1=" " ind2=" ">
    <subfield code="b">n</subfield>
    <subfield code="2">rdamedia</subfield>
  </datafield>
  <datafield tag="338" ind1=" " ind2=" ">
    <subfield code="b">nc</subfield>
    <subfield code="2">rdacarrier</subfield>
  </datafield>
  <datafield tag="490" ind1="1" ind2=" ">
    <subfield code="a">Beck&apos;sche Reihe</subfield>
    <subfield code="v">1021</subfield>
  </datafield>
  <datafield tag="650" ind1=" " ind2="7">
    <subfield code="0">(RERO)A021001421</subfield>
    <subfield code="a">Football</subfield>
    <subfield code="2">rero</subfield>
  </datafield>
  <datafield tag="650" ind1=" " ind2="7">
    <subfield code="0">(RERO)A021031217</subfield>
    <subfield code="a">Identité collective</subfield>
    <subfield code="2">rero</subfield>
  </datafield>
  <datafield tag="651" ind1=" " ind2="7">
    <subfield code="0">(RERO)A009955860</subfield>
    <subfield code="a">Allemagne</subfield>
    <subfield code="2">rero</subfield>
  </datafield>
  <datafield tag="830" ind1=" " ind2="0">
    <subfield code="a">Beck&apos;sche Reihe</subfield>
    <subfield code="v">1021</subfield>
  </datafield>
  <datafield tag="901" ind1=" " ind2=" ">
    <subfield code="a">LAR BLE</subfield>
    <subfield code="b">2000/06</subfield>
    <subfield code="c">DAF</subfield>
  </datafield>
  <datafield tag="919" ind1=" " ind2=" ">
    <subfield code="9">650 _7</subfield>
    <subfield code="a">football</subfield>
    <subfield code="x">identité culturelle</subfield>
    <subfield code="z">Allemagne</subfield>
    <subfield code="2">chrero</subfield>
  </datafield>
  <datafield tag="956" ind1=" " ind2=" ">
    <subfield code="a">frbcuc</subfield>
  </datafield>
  <datafield tag="981" ind1=" " ind2=" ">
    <subfield code="2">DAF</subfield>
    <subfield code="a">GD</subfield>
  </datafield>
</record>