
<record>
  <leader>00944nas a22002297a 4500</leader>
  <controlfield tag="001">REROILS:6</controlfield>
  <controlfield tag="005">20170515145900.0</controlfield>
  <controlfield tag="008">960525u        xx |||m|| ||||0 || 0und d</controlfield>
  <datafield tag="022" ind1=" " ind2=" ">
    <subfield code="a">0531-7398</subfield>
  </datafield>
  <datafield tag="035" ind1=" " ind2=" ">
    <subfield code="a">0038070</subfield>
  </datafield>
  <datafield tag="039" ind1=" " ind2="9">
    <subfield code="a">201705151459</subfield>
    <subfield code="b">VLOAD</subfield>
    <subfield code="c">200605271241</subfield>
    <subfield code="d">VLOAD</subfield>
    <subfield code="y">1999022710490000</subfield>
    <subfield code="z">load</subfield>
  </datafield>
  <datafield tag="040" ind1=" " ind2=" ">
    <subfield code="a">RERO</subfield>
  </datafield>
  <datafield tag="245" ind1="0" ind2="0">
    <subfield code="a">Europäische Hochschulschriften.</subfield>
    <subfield code="p">Reihe 11, Pädagogik =</subfield>
    <subfield code="b">Publications universitaires européennes. Série 11, Pédagogie = European university papers. Series 11, Education</subfield>
  </datafield>
  <datafield tag="246" ind1="3" ind2=" ">
    <subfield code="a">Publications universitaires européennes.</subfield>
    <subfield code="p">Série 11, Pédagogie</subfield>
  </datafield>
  <datafield tag="246" ind1="3" ind2=" ">
    <subfield code="a">European university papers.</subfield>
    <subfield code="p">Series 11, Education</subfield>
  </datafield>
  <datafield tag="246" ind1="3" ind2=" ">
    <subfield code="a">European university studies.</subfield>
    <subfield code="p">Series 11, Education</subfield>
  </datafield>
  <datafield tag="264" ind1=" " ind2="1">
    <subfield code="a">Frankfurt a.M. ;</subfield>
    <subfield code="a">Bern [etc.] :</subfield>
    <subfield code="b">P. Lang</subfield>
  </datafield>
  <datafield tag="300" ind1=" " ind2=" ">
    <subfield code="c">21 cm</subfield>
  </datafield>
  <datafield tag="336" ind1=" " ind2=" ">
    <subfield code="b">txt</subfield>
    <subfield code="2">rdacontent</subfield>
  </datafield>
  <datafield tag="337" ind1=" " ind2=" ">
    <subfield code="b">n</subfield>
    <subfield code="2">rdamedia</subfield>
  </datafield>
  <datafield tag="338" ind1=" " ind2=" ">
    <subfield code="b">nc</subfield>
    <subfield code="2">rdacarrier</subfield>
  </datafield>
  <datafield tag="500" ind1=" " ind2=" ">
    <subfield code="a">S&apos;intitule également: European university studies. Series 11, Education</subfield>
  </datafield>
</record>