
<record>
  <leader>01139nam a22003377a 4500</leader>
  <controlfield tag="001">REROILS:159</controlfield>
  <controlfield tag="005">20180828121700.0</controlfield>
  <controlfield tag="008">000918s1999    xxu||| |  ||||00|  |eng d</controlfield>
  <datafield tag="020" ind1=" " ind2=" ">
    <subfield code="a">9780130105349</subfield>
  </datafield>
  <datafield tag="035" ind1=" " ind2=" ">
    <subfield code="a">R269382460</subfield>
  </datafield>
  <datafield tag="039" ind1=" " ind2=" ">
    <subfield code="b">0109</subfield>
    <subfield code="b">0006i</subfield>
  </datafield>
  <datafield tag="039" ind1=" " ind2="9">
    <subfield code="a">201808281217</subfield>
    <subfield code="b">VLOAD</subfield>
    <subfield code="c">201706111155</subfield>
    <subfield code="d">VLOAD</subfield>
    <subfield code="c">200812210823</subfield>
    <subfield code="d">VLOAD</subfield>
    <subfield code="c">200605290322</subfield>
    <subfield code="d">VLOAD</subfield>
    <subfield code="y">200009180415</subfield>
    <subfield code="z">VLOAD</subfield>
  </datafield>
  <datafield tag="040" ind1=" " ind2=" ">
    <subfield code="a">RERO frbcuc</subfield>
  </datafield>
  <datafield tag="072" ind1=" " ind2="7">
    <subfield code="a">s1in</subfield>
    <subfield code="2">rero</subfield>
  </datafield>
  <datafield tag="100" ind1="1" ind2=" ">
    <subfield code="0">(RERO)A012358683</subfield>
    <subfield code="a">Linden, Peter van der</subfield>
    <subfield code="4">cre</subfield>
  </datafield>
  <datafield tag="245" ind1="1" ind2="0">
    <subfield code="a">Just Java 1.2 /</subfield>
    <subfield code="c">Peter van der Linden</subfield>
  </datafield>
  <datafield tag="250" ind1=" " ind2=" ">
    <subfield code="a">4th ed.</subfield>
  </datafield>
  <datafield tag="264" ind1=" " ind2="1">
    <subfield code="a">Palo Alto Calif. :</subfield>
    <subfield code="b">Sun Microsystems Press,</subfield>
    <subfield code="c">[1999]</subfield>
  </datafield>
  <datafield tag="264" ind1=" " ind2="4">
    <subfield code="c">© 1999</subfield>
  </datafield>
  <datafield tag="300" ind1=" " ind2=" ">
    <subfield code="a">777 p. :</subfield>
    <subfield code="b">ill. ;</subfield>
    <subfield code="c">24 cm +</subfield>
    <subfield code="e">1 CD-ROM</subfield>
  </datafield>
  <datafield tag="336" ind1=" " ind2=" ">
    <subfield code="b">txt</subfield>
    <subfield code="2">rdacontent</subfield>
  </datafield>
  <datafield tag="337" ind1=" " ind2=" ">
    <subfield code="b">n</subfield>
    <subfield code="2">rdamedia</subfield>
  </datafield>
  <datafield tag="338" ind1=" " ind2=" ">
    <subfield code="b">nc</subfield>
    <subfield code="2">rdacarrier</subfield>
  </datafield>
  <datafield tag="490" ind1="1" ind2=" ">
    <subfield code="a">Java series</subfield>
  </datafield>
  <datafield tag="650" ind1=" " ind2="7">
    <subfield code="0">(RERO)A021059333</subfield>
    <subfield code="a">Java (langage de programmation)</subfield>
    <subfield code="2">rero</subfield>
  </datafield>
  <datafield tag="655" ind1=" " ind2="7">
    <subfield code="0">(RERO)A021098695</subfield>
    <subfield code="a">[Manuels d&apos;enseignement]</subfield>
    <subfield code="2">rero</subfield>
  </datafield>
  <datafield tag="830" ind1=" " ind2="0">
    <subfield code="a">Java series.</subfield>
    <subfield code="p">Sunsoft Press</subfield>
  </datafield>
  <datafield tag="901" ind1=" " ind2=" ">
    <subfield code="a">LAR DOKP</subfield>
    <subfield code="b">2000/05</subfield>
    <subfield code="c">IUF</subfield>
  </datafield>
  <datafield tag="919" ind1=" " ind2=" ">
    <subfield code="9">650 _7</subfield>
    <subfield code="a">Java (langage de programmation)</subfield>
    <subfield code="v">[manuel]</subfield>
    <subfield code="2">chrero</subfield>
  </datafield>
  <datafield tag="956" ind1=" " ind2=" ">
    <subfield code="a">frbcuc</subfield>
  </datafield>
  <datafield tag="981" ind1=" " ind2=" ">
    <subfield code="2">DIUF</subfield>
    <subfield code="a">1.4.4</subfield>
  </datafield>
</record>