
<record>
  <leader>03231cas a2200805 a 4500</leader>
  <controlfield tag="001">REROILS:160</controlfield>
  <controlfield tag="005">20191111131400.0</controlfield>
  <controlfield tag="008">110526c20119999sz |||p|| ||||0 || 0fre d</controlfield>
  <datafield tag="019" ind1=" " ind2=" ">
    <subfield code="a">Notices analytiques</subfield>
    <subfield code="9">iftflu/05.2017</subfield>
  </datafield>
  <datafield tag="022" ind1=" " ind2=" ">
    <subfield code="a">2234-9928</subfield>
  </datafield>
  <datafield tag="035" ind1=" " ind2=" ">
    <subfield code="a">R006059750</subfield>
  </datafield>
  <datafield tag="039" ind1=" " ind2="9">
    <subfield code="a">201911111314</subfield>
    <subfield code="b">5061</subfield>
    <subfield code="c">201907181652</subfield>
    <subfield code="d">5061</subfield>
    <subfield code="c">201907051233</subfield>
    <subfield code="d">VLOAD</subfield>
    <subfield code="c">201811162245</subfield>
    <subfield code="d">VLOAD</subfield>
    <subfield code="y">201105261312</subfield>
    <subfield code="z">8716</subfield>
  </datafield>
  <datafield tag="040" ind1=" " ind2=" ">
    <subfield code="a">RERO ifisdc</subfield>
  </datafield>
  <datafield tag="044" ind1=" " ind2=" ">
    <subfield code="a">sz</subfield>
    <subfield code="c">ch-vd</subfield>
  </datafield>
  <datafield tag="072" ind1=" " ind2="7">
    <subfield code="a">s1dr</subfield>
    <subfield code="2">rero</subfield>
  </datafield>
  <datafield tag="130" ind1="0" ind2=" ">
    <subfield code="a">Journal des tribunaux.</subfield>
    <subfield code="g">Lausanne.</subfield>
    <subfield code="f">2011-.</subfield>
    <subfield code="n">2,</subfield>
    <subfield code="p">Droit civil, poursuite pour dettes et faillites et procédure civile : jurisprudence fédérale</subfield>
  </datafield>
  <datafield tag="210" ind1="1" ind2="0">
    <subfield code="a">JdT</subfield>
  </datafield>
  <datafield tag="245" ind1="1" ind2="0">
    <subfield code="a">Journal des tribunaux.</subfield>
    <subfield code="n">2,</subfield>
    <subfield code="p">Droit civil, poursuite pour dettes et faillites et procédure civile :</subfield>
    <subfield code="b">jurisprudence fédérale</subfield>
  </datafield>
  <datafield tag="264" ind1=" " ind2="1">
    <subfield code="a">Lausanne :</subfield>
    <subfield code="b">Journal des tribunaux</subfield>
  </datafield>
  <datafield tag="310" ind1=" " ind2=" ">
    <subfield code="a">5-13 fois par an</subfield>
  </datafield>
  <datafield tag="336" ind1=" " ind2=" ">
    <subfield code="b">txt</subfield>
    <subfield code="2">rdacontent</subfield>
  </datafield>
  <datafield tag="337" ind1=" " ind2=" ">
    <subfield code="b">n</subfield>
    <subfield code="2">rdamedia</subfield>
  </datafield>
  <datafield tag="338" ind1=" " ind2=" ">
    <subfield code="b">nc</subfield>
    <subfield code="2">rdacarrier</subfield>
  </datafield>
  <datafield tag="362" ind1="0" ind2=" ">
    <subfield code="a">Année 159(2011)-</subfield>
  </datafield>
  <datafield tag="580" ind1=" " ind2=" ">
    <subfield code="a">Fait suite à: Journal des tribunaux. 2, Poursuite pour dettes</subfield>
  </datafield>
  <datafield tag="650" ind1=" " ind2="7">
    <subfield code="0">jurivoc000019724ger</subfield>
    <subfield code="a">Schuldbetreibungs- und Konkursrecht</subfield>
    <subfield code="2">jurivoc</subfield>
    <subfield code="9">ger</subfield>
  </datafield>
  <datafield tag="650" ind1=" " ind2="7">
    <subfield code="0">jurivoc000027113ger</subfield>
    <subfield code="a">Zivilrecht</subfield>
    <subfield code="2">jurivoc</subfield>
    <subfield code="9">ger</subfield>
  </datafield>
  <datafield tag="650" ind1=" " ind2="7">
    <subfield code="0">jurivoc000027110ger</subfield>
    <subfield code="a">Zivilprozess</subfield>
    <subfield code="2">jurivoc</subfield>
    <subfield code="9">ger</subfield>
  </datafield>
  <datafield tag="650" ind1=" " ind2="7">
    <subfield code="0">jurivoc000004898ger</subfield>
    <subfield code="a">Bundesrecht</subfield>
    <subfield code="2">jurivoc</subfield>
    <subfield code="9">ger</subfield>
  </datafield>
  <datafield tag="650" ind1=" " ind2="7">
    <subfield code="0">jurivoc000009624ger</subfield>
    <subfield code="a">Gerichts- und Verwaltungspraxis</subfield>
    <subfield code="2">jurivoc</subfield>
    <subfield code="9">ger</subfield>
  </datafield>
  <datafield tag="650" ind1=" " ind2="7">
    <subfield code="0">jurivoc000018932ger</subfield>
    <subfield code="a">richterliche Behörde</subfield>
    <subfield code="2">jurivoc</subfield>
    <subfield code="9">ger</subfield>
  </datafield>
  <datafield tag="650" ind1=" " ind2="7">
    <subfield code="0">jurivoc000016213ger</subfield>
    <subfield code="a">oberstes Gericht</subfield>
    <subfield code="2">jurivoc</subfield>
    <subfield code="9">ger</subfield>
  </datafield>
  <datafield tag="650" ind1=" " ind2="7">
    <subfield code="0">jurivoc000004684ger</subfield>
    <subfield code="a">Bundesgericht</subfield>
    <subfield code="2">jurivoc</subfield>
    <subfield code="9">ger</subfield>
  </datafield>
  <datafield tag="650" ind1=" " ind2="7">
    <subfield code="0">(RERO)A009953226</subfield>
    <subfield code="a">poursuite pour dettes</subfield>
    <subfield code="2">rerovoc</subfield>
  </datafield>
  <datafield tag="651" ind1=" " ind2="7">
    <subfield code="0">jurivoc000019912ger</subfield>
    <subfield code="a">Schweiz</subfield>
    <subfield code="2">jurivoc</subfield>
    <subfield code="9">ger</subfield>
  </datafield>
  <datafield tag="651" ind1=" " ind2="7">
    <subfield code="0">(RERO)A010021522</subfield>
    <subfield code="a">Suisse</subfield>
    <subfield code="2">rero</subfield>
  </datafield>
  <datafield tag="655" ind1=" " ind2="7">
    <subfield code="0">jurivoc000006982ger</subfield>
    <subfield code="a">Entscheidsammlung</subfield>
    <subfield code="2">jurivoc</subfield>
    <subfield code="9">ger</subfield>
  </datafield>
  <datafield tag="655" ind1=" " ind2="7">
    <subfield code="0">jurivoc000017014ger</subfield>
    <subfield code="a">Periodikum</subfield>
    <subfield code="2">jurivoc</subfield>
    <subfield code="9">ger</subfield>
  </datafield>
  <datafield tag="655" ind1=" " ind2="7">
    <subfield code="0">(RERO)A021027301</subfield>
    <subfield code="a">[Jurisprudence]</subfield>
    <subfield code="2">rero</subfield>
  </datafield>
  <datafield tag="655" ind1=" " ind2="7">
    <subfield code="0">(RERO)A021002597</subfield>
    <subfield code="a">[Périodiques]</subfield>
    <subfield code="2">rero</subfield>
  </datafield>
  <datafield tag="780" ind1="1" ind2="0">
    <subfield code="t">Journal des tribunaux (Lausanne : 1930). 2, Poursuite pour dettes</subfield>
  </datafield>
  <datafield tag="900" ind1=" " ind2=" ">
    <subfield code="a">bdscumul</subfield>
  </datafield>
  <datafield tag="903" ind1=" " ind2=" ">
    <subfield code="a">perisdc</subfield>
  </datafield>
  <datafield tag="903" ind1=" " ind2=" ">
    <subfield code="a">tflup</subfield>
    <subfield code="b">0</subfield>
    <subfield code="c">CH01</subfield>
  </datafield>
  <datafield tag="903" ind1=" " ind2=" ">
    <subfield code="a">tflad</subfield>
    <subfield code="b">0</subfield>
    <subfield code="c">CH04</subfield>
  </datafield>
  <datafield tag="903" ind1=" " ind2=" ">
    <subfield code="a">tflap</subfield>
    <subfield code="b">0</subfield>
    <subfield code="c">CH04</subfield>
    <subfield code="c">la2abo</subfield>
  </datafield>
  <datafield tag="903" ind1=" " ind2=" ">
    <subfield code="a">tafper</subfield>
  </datafield>
  <datafield tag="919" ind1=" " ind2=" ">
    <subfield code="9">650 _7</subfield>
    <subfield code="a">poursuite pour dettes</subfield>
    <subfield code="z">Suisse</subfield>
    <subfield code="v">[jurisprudence]</subfield>
    <subfield code="2">chrero</subfield>
  </datafield>
  <datafield tag="919" ind1=" " ind2=" ">
    <subfield code="9">650 _7</subfield>
    <subfield code="a">poursuite pour dettes</subfield>
    <subfield code="z">Suisse</subfield>
    <subfield code="v">[périodique]</subfield>
    <subfield code="2">chrero</subfield>
  </datafield>
  <datafield tag="919" ind1=" " ind2=" ">
    <subfield code="9">651 _7</subfield>
    <subfield code="a">Suisse</subfield>
    <subfield code="v">[jurisprudence]</subfield>
    <subfield code="2">chrero</subfield>
  </datafield>
  <datafield tag="919" ind1=" " ind2=" ">
    <subfield code="9">651 _7</subfield>
    <subfield code="a">Suisse</subfield>
    <subfield code="v">[périodique]</subfield>
    <subfield code="2">chrero</subfield>
  </datafield>
  <datafield tag="948" ind1=" " ind2=" ">
    <subfield code="a">Année 159(2011) -</subfield>
    <subfield code="9">iftflu</subfield>
  </datafield>
  <datafield tag="948" ind1=" " ind2=" ">
    <subfield code="a">Année 159(2011) -</subfield>
    <subfield code="9">iftfla</subfield>
  </datafield>
  <datafield tag="953" ind1=" " ind2=" ">
    <subfield code="a">ifisdc iftaf- iftfla iftflu iftpf-</subfield>
  </datafield>
  <datafield tag="956" ind1=" " ind2=" ">
    <subfield code="a">frbcuc</subfield>
  </datafield>
  <datafield tag="957" ind1=" " ind2=" ">
    <subfield code="a">gecjpj geubfd</subfield>
  </datafield>
  <datafield tag="960" ind1=" " ind2=" ">
    <subfield code="a">jutc--</subfield>
  </datafield>
  <datafield tag="962" ind1=" " ind2=" ">
    <subfield code="a">nebpun neubfd</subfield>
  </datafield>
  <datafield tag="980" ind1=" " ind2=" ">
    <subfield code="2">dr-sys</subfield>
    <subfield code="a">CA/CH 11 d</subfield>
  </datafield>
  <datafield tag="982" ind1=" " ind2=" ">
    <subfield code="2">dr-geubfd</subfield>
    <subfield code="a">CA/CH 11 d JOTR</subfield>
  </datafield>
  <datafield tag="982" ind1=" " ind2=" ">
    <subfield code="2">dr-gecjpj</subfield>
    <subfield code="a">CA/CH 11 d JOTR</subfield>
  </datafield>
  <datafield tag="983" ind1=" " ind2=" ">
    <subfield code="2">isdc</subfield>
    <subfield code="a">CA/CH 11 d JOTR</subfield>
  </datafield>
  <datafield tag="983" ind1=" " ind2=" ">
    <subfield code="2">iftflu</subfield>
    <subfield code="a">TFLu 25 A/3</subfield>
  </datafield>
  <datafield tag="983" ind1=" " ind2=" ">
    <subfield code="2">iftflu</subfield>
    <subfield code="a">TFLu Fach 086</subfield>
  </datafield>
  <datafield tag="983" ind1=" " ind2=" ">
    <subfield code="2">iftfla</subfield>
    <subfield code="a">TFLa 30</subfield>
  </datafield>
  <datafield tag="983" ind1=" " ind2=" ">
    <subfield code="2">iftfla</subfield>
    <subfield code="a">TFLa A 10/10-</subfield>
  </datafield>
  <datafield tag="983" ind1=" " ind2=" ">
    <subfield code="2">iftfla</subfield>
    <subfield code="a">TFLa Casiers</subfield>
  </datafield>
  <datafield tag="983" ind1=" " ind2=" ">
    <subfield code="2">iftaf-</subfield>
    <subfield code="a">Per JdT</subfield>
  </datafield>
  <datafield tag="983" ind1=" " ind2=" ">
    <subfield code="2">iftpf-</subfield>
    <subfield code="a">Per JdT</subfield>
  </datafield>
  <datafield tag="984" ind1=" " ind2=" ">
    <subfield code="2">dr-neubfd</subfield>
    <subfield code="a">CA/CH 11 d JOTR</subfield>
  </datafield>
</record>