
<record>
  <leader>01729nam a2200409 a 4500</leader>
  <controlfield tag="001">REROILS:162</controlfield>
  <controlfield tag="005">20170610130500.0</controlfield>
  <controlfield tag="008">960525s1966    sz |||||| ||||00|| |fre d</controlfield>
  <datafield tag="035" ind1=" " ind2=" ">
    <subfield code="a">0084437</subfield>
  </datafield>
  <datafield tag="039" ind1=" " ind2="7">
    <subfield code="b">0060</subfield>
  </datafield>
  <datafield tag="039" ind1=" " ind2="9">
    <subfield code="a">201706101305</subfield>
    <subfield code="b">VLOAD</subfield>
    <subfield code="c">201706021308</subfield>
    <subfield code="d">VLOAD</subfield>
    <subfield code="c">201706021102</subfield>
    <subfield code="d">VLOAD</subfield>
    <subfield code="c">201703271653</subfield>
    <subfield code="d">VLOAD</subfield>
    <subfield code="y">1999022712040000</subfield>
    <subfield code="z">load</subfield>
  </datafield>
  <datafield tag="040" ind1=" " ind2=" ">
    <subfield code="a">RERO</subfield>
  </datafield>
  <datafield tag="072" ind1=" " ind2="7">
    <subfield code="a">s1sp</subfield>
    <subfield code="2">rero</subfield>
  </datafield>
  <datafield tag="100" ind1="1" ind2=" ">
    <subfield code="0">(RERO)A003770031</subfield>
    <subfield code="a">Ruffieux, Roland,</subfield>
    <subfield code="d">1921-2004</subfield>
    <subfield code="4">cre</subfield>
  </datafield>
  <datafield tag="245" ind1="1" ind2="3">
    <subfield code="a">La Suisse /</subfield>
    <subfield code="c">R. Ruffieux</subfield>
  </datafield>
  <datafield tag="264" ind1=" " ind2="1">
    <subfield code="a">[Louvain] ;</subfield>
    <subfield code="a">[Paris] :</subfield>
    <subfield code="b">[éditeur non identifié],</subfield>
    <subfield code="c">[1966]</subfield>
  </datafield>
  <datafield tag="300" ind1=" " ind2=" ">
    <subfield code="a">P. 444-478 ;</subfield>
    <subfield code="c">25 cm</subfield>
  </datafield>
  <datafield tag="336" ind1=" " ind2=" ">
    <subfield code="b">txt</subfield>
    <subfield code="2">rdacontent</subfield>
  </datafield>
  <datafield tag="337" ind1=" " ind2=" ">
    <subfield code="b">n</subfield>
    <subfield code="2">rdamedia</subfield>
  </datafield>
  <datafield tag="338" ind1=" " ind2=" ">
    <subfield code="b">nc</subfield>
    <subfield code="2">rdacarrier</subfield>
  </datafield>
  <datafield tag="580" ind1=" " ind2=" ">
    <subfield code="a">Tiré à part de: 150 ans de mouvement ouvrier chrétien en Europe de l&apos;Ouest, 1789-1939. - P. 444-478</subfield>
  </datafield>
  <datafield tag="650" ind1=" " ind2="7">
    <subfield code="0">(RERO)A009972883</subfield>
    <subfield code="a">catholicisme</subfield>
    <subfield code="2">rerovoc</subfield>
  </datafield>
  <datafield tag="650" ind1=" " ind2="7">
    <subfield code="0">(RERO)A021065163</subfield>
    <subfield code="a">Mouvement ouvrier</subfield>
    <subfield code="2">rero</subfield>
  </datafield>
  <datafield tag="650" ind1=" " ind2="7">
    <subfield code="a">1789-1939</subfield>
    <subfield code="2">rero</subfield>
  </datafield>
  <datafield tag="650" ind1=" " ind2="7">
    <subfield code="0">(RERO)A021009448</subfield>
    <subfield code="a">Action catholique</subfield>
    <subfield code="2">rero</subfield>
  </datafield>
  <datafield tag="650" ind1=" " ind2="7">
    <subfield code="0">(RERO)A021003328</subfield>
    <subfield code="a">Église catholique</subfield>
    <subfield code="2">rero</subfield>
  </datafield>
  <datafield tag="650" ind1=" " ind2="7">
    <subfield code="0">(RERO)A021065116</subfield>
    <subfield code="a">Action sociale</subfield>
    <subfield code="2">rero</subfield>
  </datafield>
  <datafield tag="650" ind1=" " ind2="7">
    <subfield code="0">(RERO)A009962555</subfield>
    <subfield code="a">association catholique</subfield>
    <subfield code="2">rerovoc</subfield>
  </datafield>
  <datafield tag="651" ind1=" " ind2="7">
    <subfield code="0">(RERO)A010021522</subfield>
    <subfield code="a">Suisse</subfield>
    <subfield code="2">rero</subfield>
  </datafield>
  <datafield tag="787" ind1="1" ind2=" ">
    <subfield code="t">150 ans de mouvement ouvrier chrétien en Europe de l&apos;Ouest, 1789-1939</subfield>
    <subfield code="g">P. 444-478</subfield>
  </datafield>
  <datafield tag="901" ind1=" " ind2=" ">
    <subfield code="a">frautuni</subfield>
  </datafield>
  <datafield tag="901" ind1=" " ind2=" ">
    <subfield code="a">frnoan</subfield>
  </datafield>
  <datafield tag="901" ind1=" " ind2=" ">
    <subfield code="a">frautfr</subfield>
  </datafield>
  <datafield tag="919" ind1=" " ind2=" ">
    <subfield code="9">650 _7</subfield>
    <subfield code="a">catholicisme</subfield>
    <subfield code="x">mouvement ouvrier</subfield>
    <subfield code="z">Suisse</subfield>
    <subfield code="y">1789 / 1939</subfield>
    <subfield code="2">chrero</subfield>
  </datafield>
  <datafield tag="919" ind1=" " ind2=" ">
    <subfield code="9">650 _7</subfield>
    <subfield code="a">action catholique</subfield>
    <subfield code="x">mouvement ouvrier</subfield>
    <subfield code="x">Église catholique</subfield>
    <subfield code="z">Suisse</subfield>
    <subfield code="y">1789 / 1939</subfield>
    <subfield code="2">chrero</subfield>
  </datafield>
  <datafield tag="919" ind1=" " ind2=" ">
    <subfield code="9">650 _7</subfield>
    <subfield code="a">action sociale</subfield>
    <subfield code="x">association catholique</subfield>
    <subfield code="x">mouvement ouvrier</subfield>
    <subfield code="x">Église catholique</subfield>
    <subfield code="z">Suisse</subfield>
    <subfield code="y">1789 / 1939</subfield>
    <subfield code="2">chrero</subfield>
  </datafield>
  <datafield tag="956" ind1=" " ind2=" ">
    <subfield code="a">frbcuc</subfield>
  </datafield>
</record>