
<record>
  <leader>00828nam a2200253 a 4500</leader>
  <controlfield tag="001">REROILS:163</controlfield>
  <controlfield tag="005">20180630124200.0</controlfield>
  <controlfield tag="008">960525s1971    sz |||||| ||||00|| |fre d</controlfield>
  <datafield tag="024" ind1="7" ind2=" ">
    <subfield code="a">http://catalogue.bnf.fr/ark:/12148/cb354245862</subfield>
    <subfield code="2">uri</subfield>
  </datafield>
  <datafield tag="035" ind1=" " ind2=" ">
    <subfield code="a">0000399</subfield>
  </datafield>
  <datafield tag="039" ind1=" " ind2="9">
    <subfield code="a">201806301242</subfield>
    <subfield code="b">VLOAD</subfield>
    <subfield code="c">201705151412</subfield>
    <subfield code="d">VLOAD</subfield>
    <subfield code="c">201703270930</subfield>
    <subfield code="d">VLOAD</subfield>
    <subfield code="c">201511031709</subfield>
    <subfield code="d">8262</subfield>
    <subfield code="y">1999022709480000</subfield>
    <subfield code="z">load</subfield>
  </datafield>
  <datafield tag="040" ind1=" " ind2=" ">
    <subfield code="a">RERO</subfield>
  </datafield>
  <datafield tag="044" ind1=" " ind2=" ">
    <subfield code="a">sz</subfield>
    <subfield code="c">ch-vd</subfield>
  </datafield>
  <datafield tag="072" ind1=" " ind2="7">
    <subfield code="a">s1an</subfield>
    <subfield code="2">rero</subfield>
  </datafield>
  <datafield tag="100" ind1="1" ind2=" ">
    <subfield code="0">(RERO)A003046346</subfield>
    <subfield code="a">Bromfield, Louis</subfield>
    <subfield code="4">cre</subfield>
  </datafield>
  <datafield tag="245" ind1="1" ind2="0">
    <subfield code="a">Colorado.</subfield>
    <subfield code="c">(Trad. de l&apos;anglais par Simone Breuzebosc.)</subfield>
  </datafield>
  <datafield tag="264" ind1=" " ind2="1">
    <subfield code="a">(Lausanne),</subfield>
    <subfield code="b">Ed. Rencontre,</subfield>
    <subfield code="c">[1971]</subfield>
  </datafield>
  <datafield tag="300" ind1=" " ind2=" ">
    <subfield code="a">374 p.,</subfield>
    <subfield code="c">21 cm</subfield>
  </datafield>
  <datafield tag="336" ind1=" " ind2=" ">
    <subfield code="b">txt</subfield>
    <subfield code="2">rdacontent</subfield>
  </datafield>
  <datafield tag="337" ind1=" " ind2=" ">
    <subfield code="b">n</subfield>
    <subfield code="2">rdamedia</subfield>
  </datafield>
  <datafield tag="338" ind1=" " ind2=" ">
    <subfield code="b">nc</subfield>
    <subfield code="2">rdacarrier</subfield>
  </datafield>
  <datafield tag="700" ind1="1" ind2=" ">
    <subfield code="0">(RERO)A003042303</subfield>
    <subfield code="a">Breuzebosc, Simone</subfield>
  </datafield>
  <datafield tag="962" ind1=" " ind2=" ">
    <subfield code="a">necfbv</subfield>
  </datafield>
  <datafield tag="994" ind1=" " ind2=" ">
    <subfield code="a">CFV BROM C</subfield>
    <subfield code="x">--</subfield>
  </datafield>
</record>