
<record>
  <leader>04353cam a22005057a 4500</leader>
  <controlfield tag="001">REROILS:165</controlfield>
  <controlfield tag="005">20170530170200.0</controlfield>
  <controlfield tag="008">110720s2010    be ||| |  ||||00|  |eng d</controlfield>
  <datafield tag="020" ind1=" " ind2=" ">
    <subfield code="a">9789052016344</subfield>
  </datafield>
  <datafield tag="035" ind1=" " ind2=" ">
    <subfield code="a">R006108121</subfield>
  </datafield>
  <datafield tag="039" ind1=" " ind2="9">
    <subfield code="a">201705301702</subfield>
    <subfield code="b">VLOAD</subfield>
    <subfield code="c">201502081228</subfield>
    <subfield code="d">VLOAD</subfield>
    <subfield code="c">201208280842</subfield>
    <subfield code="d">7371</subfield>
    <subfield code="c">201207271158</subfield>
    <subfield code="d">7371</subfield>
    <subfield code="y">201107201441</subfield>
    <subfield code="z">7371</subfield>
  </datafield>
  <datafield tag="040" ind1=" " ind2=" ">
    <subfield code="a">DLC</subfield>
    <subfield code="d">YDX</subfield>
    <subfield code="d">YDXCP</subfield>
    <subfield code="d">OHX</subfield>
    <subfield code="d">CDX</subfield>
    <subfield code="d">COD</subfield>
    <subfield code="d">LHU</subfield>
    <subfield code="d">RERO geulan</subfield>
  </datafield>
  <datafield tag="041" ind1="0" ind2=" ">
    <subfield code="a">eng</subfield>
    <subfield code="a">fre</subfield>
  </datafield>
  <datafield tag="050" ind1=" " ind2="0">
    <subfield code="a">PR9199.3.U7</subfield>
    <subfield code="b">Z86 2010</subfield>
  </datafield>
  <datafield tag="072" ind1=" " ind2="7">
    <subfield code="a">s1an</subfield>
    <subfield code="2">rero</subfield>
  </datafield>
  <datafield tag="082" ind1="0" ind2="0">
    <subfield code="a">813/.54</subfield>
    <subfield code="2">22</subfield>
  </datafield>
  <datafield tag="245" ind1="0" ind2="0">
    <subfield code="a">Resurgence in Jane Urquhart&apos;s oeuvre /</subfield>
    <subfield code="c">Héliane Daziron-Ventura &amp; Marta Dvořák (eds.)</subfield>
  </datafield>
  <datafield tag="246" ind1="3" ind2=" ">
    <subfield code="a">Jane Urquhart&apos;s oeuvre</subfield>
  </datafield>
  <datafield tag="264" ind1=" " ind2="1">
    <subfield code="a">Bruxelles ;</subfield>
    <subfield code="a">New York :</subfield>
    <subfield code="b">P.I.E. Peter Lang,</subfield>
    <subfield code="c">2010</subfield>
  </datafield>
  <datafield tag="300" ind1=" " ind2=" ">
    <subfield code="a">228 p.</subfield>
  </datafield>
  <datafield tag="336" ind1=" " ind2=" ">
    <subfield code="b">txt</subfield>
    <subfield code="2">rdacontent</subfield>
  </datafield>
  <datafield tag="337" ind1=" " ind2=" ">
    <subfield code="b">n</subfield>
    <subfield code="2">rdamedia</subfield>
  </datafield>
  <datafield tag="338" ind1=" " ind2=" ">
    <subfield code="b">nc</subfield>
    <subfield code="2">rdacarrier</subfield>
  </datafield>
  <datafield tag="490" ind1="1" ind2=" ">
    <subfield code="a">Canadian studies</subfield>
    <subfield code="v">no. 21</subfield>
  </datafield>
  <datafield tag="500" ind1=" " ind2=" ">
    <subfield code="a">&quot;This volume was inspired by the 48th Conference of Professors of English at the University of Orléans (May 16-18, 2008).&quot;</subfield>
  </datafield>
  <datafield tag="504" ind1=" " ind2=" ">
    <subfield code="a">Includes bibliographical references.</subfield>
  </datafield>
  <datafield tag="505" ind1="0" ind2=" ">
    <subfield code="a">Héliane Daziron-Ventura/Marta Dvorák: Introduction. Resurgence -- Jane Urquhart: An Address -- Catherine Lanone, Claire Omhovère: Mourning/Mocking Browning. The Resurgence of a Romantic Aesthetics in Jane Urquhart&apos;s The Whirlpool -- Ian Rae: The Resurgence of Poetry in Jane Urquhart&apos;s The Whirlpool -- Georges Letissier: Bront(ë)ology as Emotional Landscaping in Changing Heaven [Bronte, Bronteology] -- Héliane Daziron-Ventura : Écrire le cri : résurgences figurales dans &quot;Italian Postcards&quot; -- Marta Dvorák: When the Underpainting Shows Through: Jane Urquhart&apos;s Resurgent Transmutations -- Barbara Bruce: Collection, Canadian Nationalism, and Colonial Resurgences in Jane Urquhart&apos;s Away -- Marlene Goldman: Talking Crow: Jane Urquhart&apos;s Away -- Karis Shearer: Jane Urquhart, Arbiter of the Aesthetic</subfield>
  </datafield>
  <datafield tag="505" ind1="0" ind2=" ">
    <subfield code="a">Neta Gordon: Intimate and Conditional. Artistic Gesture in Jane Urquhart&apos;s False Shuffles, The Underpainter and A Map of Glass -- Georgiana M. M. Colvile: Maps, Icons, and Other Specular Traces of the Unconscious in Jane Urquhart&apos;s A Map of Glass -- Christine Lorre: Reconstructing the Past Through Objects in A Map of Glass -- Pilar Cuder-Domínguez: A Biography of Stones. Mourning and Mutability in Jane Urquhart&apos;s A Map of Glass and Michael Redhill&apos;s Consolation -- The Persistence of Facts. A Discussion with Jane Urquhart</subfield>
  </datafield>
  <datafield tag="520" ind1="8" ind2=" ">
    <subfield code="a">&quot;This groundbreaking volume of critical essays revolving around the concept of resurgence maps the modes of conservation, transformation, and invention of the literary, visual, and cultural expressions which Jane Urquhart&apos;s singular voice has brought about on the Canadian but also international scene. Taking resurgence as the informing principle of investigation, the volume as a whole focuses on the rewriting and reconstruction of the past, on the modalities of its resurfacing or of its erasure. It raises questions about the explicit or implicit ideological repercussions of such concealment and disclosure, such rupture and resilience. Through the prism of this concept, through surveys, close textual scrutiny and comparative analyses, the book explores Urquhart&apos;s discursive practices, the way they hinge on intertextuality or citation, at the same time as upon intratextuality or self-citation. It brings to the fore the extratextual and metatextual quality of her writing together with the transmediality, the transcoding or intersemioticity which characterize the interaction between literature and the visual arts in her fictional and poetic works.&quot;</subfield>
  </datafield>
  <datafield tag="600" ind1="1" ind2="0">
    <subfield code="a">Urquhart, Jane</subfield>
    <subfield code="x">Criticism and interpretation</subfield>
  </datafield>
  <datafield tag="650" ind1=" " ind2="0">
    <subfield code="a">Continuity in literature</subfield>
  </datafield>
  <datafield tag="650" ind1=" " ind2="0">
    <subfield code="a">Landscapes in literature</subfield>
  </datafield>
  <datafield tag="650" ind1=" " ind2="0">
    <subfield code="a">Memory in literature</subfield>
  </datafield>
  <datafield tag="650" ind1=" " ind2="0">
    <subfield code="a">Place (Philosophy) in literature</subfield>
  </datafield>
  <datafield tag="650" ind1=" " ind2="0">
    <subfield code="a">Return in literature</subfield>
  </datafield>
  <datafield tag="650" ind1=" " ind2="0">
    <subfield code="a">Setting (Literature)</subfield>
  </datafield>
  <datafield tag="700" ind1="1" ind2=" ">
    <subfield code="0">(RERO)A003201781</subfield>
    <subfield code="a">Dvorak, Marta</subfield>
  </datafield>
  <datafield tag="700" ind1="1" ind2=" ">
    <subfield code="0">(RERO)A005730379</subfield>
    <subfield code="a">Ventura, Héliane</subfield>
  </datafield>
  <datafield tag="711" ind1="2" ind2=" ">
    <subfield code="0">(RERO)A018978543</subfield>
    <subfield code="a">Conference of Professors of English</subfield>
    <subfield code="n">(48th :</subfield>
    <subfield code="d">2008 :</subfield>
    <subfield code="c">Université d&apos;Orléans)</subfield>
  </datafield>
  <datafield tag="830" ind1=" " ind2="0">
    <subfield code="a">Canadian studies.</subfield>
    <subfield code="p">P. Lang</subfield>
    <subfield code="v">21</subfield>
  </datafield>
  <datafield tag="900" ind1=" " ind2="1">
    <subfield code="a">OCoLC</subfield>
    <subfield code="b">20110720</subfield>
    <subfield code="c">Droits réservés</subfield>
  </datafield>
  <datafield tag="902" ind1=" " ind2=" ">
    <subfield code="a">geulan</subfield>
    <subfield code="b">2012/07</subfield>
  </datafield>
  <datafield tag="957" ind1=" " ind2=" ">
    <subfield code="a">geulan</subfield>
  </datafield>
  <datafield tag="982" ind1=" " ind2=" ">
    <subfield code="2">ge-ulan</subfield>
    <subfield code="a">A Urqu 8*Res iju</subfield>
  </datafield>
  <datafield tag="992" ind1=" " ind2=" ">
    <subfield code="a">BFLA 235</subfield>
    <subfield code="x">ge/ulan/a/2011/189</subfield>
  </datafield>
</record>