
<record>
  <leader>01456cam a2200337 a 4500</leader>
  <controlfield tag="001">REROILS:167</controlfield>
  <controlfield tag="005">20170610105900.0</controlfield>
  <controlfield tag="008">961221m19661970it |||||| ||||00|| |ita d</controlfield>
  <datafield tag="035" ind1=" " ind2=" ">
    <subfield code="a">0010534</subfield>
  </datafield>
  <datafield tag="039" ind1=" " ind2="9">
    <subfield code="a">201706101059</subfield>
    <subfield code="b">VLOAD</subfield>
    <subfield code="c">201703270900</subfield>
    <subfield code="d">VLOAD</subfield>
    <subfield code="c">200812230409</subfield>
    <subfield code="d">VLOAD</subfield>
    <subfield code="c">200812212217</subfield>
    <subfield code="d">VLOAD</subfield>
    <subfield code="y">1999022710050000</subfield>
    <subfield code="z">load</subfield>
  </datafield>
  <datafield tag="040" ind1=" " ind2=" ">
    <subfield code="a">RERO</subfield>
  </datafield>
  <datafield tag="072" ind1=" " ind2="7">
    <subfield code="a">s1ht</subfield>
    <subfield code="2">rero</subfield>
  </datafield>
  <datafield tag="245" ind1="0" ind2="3">
    <subfield code="a">Il Regno di Sardegna nel 1848-1849 nei Carteggi di Domenico Buffa /</subfield>
    <subfield code="c">a cura di Emilio Costa</subfield>
  </datafield>
  <datafield tag="264" ind1=" " ind2="1">
    <subfield code="a">Roma,</subfield>
    <subfield code="c">1966-1970</subfield>
  </datafield>
  <datafield tag="300" ind1=" " ind2=" ">
    <subfield code="a">3 vol. :</subfield>
    <subfield code="b">fig., portr. ;</subfield>
    <subfield code="c">25 cm</subfield>
  </datafield>
  <datafield tag="336" ind1=" " ind2=" ">
    <subfield code="b">txt</subfield>
    <subfield code="2">rdacontent</subfield>
  </datafield>
  <datafield tag="337" ind1=" " ind2=" ">
    <subfield code="b">n</subfield>
    <subfield code="2">rdamedia</subfield>
  </datafield>
  <datafield tag="338" ind1=" " ind2=" ">
    <subfield code="b">nc</subfield>
    <subfield code="2">rdacarrier</subfield>
  </datafield>
  <datafield tag="490" ind1="1" ind2=" ">
    <subfield code="a">Biblioteca scientifica, Istituto per la storia del risorgimento italiano. Serie 2, Fonti</subfield>
    <subfield code="v">54</subfield>
    <subfield code="v">58</subfield>
    <subfield code="v">61</subfield>
  </datafield>
  <datafield tag="505" ind1="0" ind2=" ">
    <subfield code="g">Vol. 1:</subfield>
    <subfield code="t">28 settembre 1847 - 18 dicembre 1848. - 1966. - 437 p</subfield>
  </datafield>
  <datafield tag="505" ind1="0" ind2=" ">
    <subfield code="g">Vol. 2:</subfield>
    <subfield code="t">19 dicembre 1848 - 19 febbraio 1849. - 1968. - 571 p</subfield>
  </datafield>
  <datafield tag="505" ind1="0" ind2=" ">
    <subfield code="g">Vol. 3:</subfield>
    <subfield code="t">20 febbraio - 29 novembre 1849. - 1970. - 473 p</subfield>
  </datafield>
  <datafield tag="650" ind1=" " ind2="7">
    <subfield code="a">1848-1849</subfield>
    <subfield code="2">rero</subfield>
  </datafield>
  <datafield tag="651" ind1=" " ind2="7">
    <subfield code="0">(RERO)A009972958</subfield>
    <subfield code="a">Royaume de Sardaigne</subfield>
    <subfield code="2">rero</subfield>
  </datafield>
  <datafield tag="700" ind1="1" ind2=" ">
    <subfield code="0">(RERO)A003138002</subfield>
    <subfield code="a">Costa, Emilio</subfield>
  </datafield>
  <datafield tag="830" ind1=" " ind2="0">
    <subfield code="a">Biblioteca Scientifica, Istituto per la Storia del Risorgimento Italiano.</subfield>
    <subfield code="p">Serie 2: Fonti</subfield>
    <subfield code="v">54,58,61</subfield>
  </datafield>
  <datafield tag="919" ind1=" " ind2=" ">
    <subfield code="9">651 _7</subfield>
    <subfield code="a">Royaume de Sardaigne</subfield>
    <subfield code="y">1848 / 1849</subfield>
    <subfield code="2">chrero</subfield>
  </datafield>
  <datafield tag="957" ind1=" " ind2=" ">
    <subfield code="a">gevbge</subfield>
  </datafield>
  <datafield tag="992" ind1=" " ind2=" ">
    <subfield code="a">BGE GH 987 A 54/3</subfield>
    <subfield code="x">ge/vbge/d/73/319</subfield>
  </datafield>
  <datafield tag="992" ind1=" " ind2=" ">
    <subfield code="a">BGE GH 987 A 54/2</subfield>
    <subfield code="x">ge/vbge/d/73/319</subfield>
  </datafield>
  <datafield tag="992" ind1=" " ind2=" ">
    <subfield code="a">BGE GH 987 A 54/1</subfield>
    <subfield code="x">ge/vbge/d/73/319</subfield>
  </datafield>
</record>