
<record>
  <leader>01909nam a2200421 a 4500</leader>
  <controlfield tag="001">REROILS:168</controlfield>
  <controlfield tag="005">20180831200800.0</controlfield>
  <controlfield tag="008">070518s2006    sz ||| |  ||||00|  |fre d</controlfield>
  <datafield tag="020" ind1=" " ind2=" ">
    <subfield code="a">9783938821299</subfield>
  </datafield>
  <datafield tag="020" ind1=" " ind2=" ">
    <subfield code="a">9783938821299</subfield>
  </datafield>
  <datafield tag="024" ind1="7" ind2=" ">
    <subfield code="a">http://catalogue.bnf.fr/ark:/12148/cb41415893r</subfield>
    <subfield code="2">uri</subfield>
  </datafield>
  <datafield tag="035" ind1=" " ind2=" ">
    <subfield code="a">R004411790</subfield>
  </datafield>
  <datafield tag="039" ind1=" " ind2="7">
    <subfield code="b">6201</subfield>
  </datafield>
  <datafield tag="039" ind1=" " ind2="9">
    <subfield code="a">201808312008</subfield>
    <subfield code="b">VLOAD</subfield>
    <subfield code="c">201807060026</subfield>
    <subfield code="d">VLOAD</subfield>
    <subfield code="c">201706110443</subfield>
    <subfield code="d">VLOAD</subfield>
    <subfield code="c">201605241448</subfield>
    <subfield code="d">8589</subfield>
    <subfield code="y">200705181706</subfield>
    <subfield code="z">6201</subfield>
  </datafield>
  <datafield tag="040" ind1=" " ind2=" ">
    <subfield code="a">SLB</subfield>
    <subfield code="d">RERO gevbaa</subfield>
  </datafield>
  <datafield tag="041" ind1="0" ind2=" ">
    <subfield code="a">fre</subfield>
    <subfield code="a">ger</subfield>
  </datafield>
  <datafield tag="044" ind1=" " ind2=" ">
    <subfield code="a">sz</subfield>
    <subfield code="c">ch-be</subfield>
  </datafield>
  <datafield tag="072" ind1=" " ind2="7">
    <subfield code="a">s1ba</subfield>
    <subfield code="2">rero</subfield>
  </datafield>
  <datafield tag="245" ind1="0" ind2="0">
    <subfield code="a">Stefan Banz - laugh. I nearly died :</subfield>
    <subfield code="b">installations 1992-2006 /</subfield>
    <subfield code="c">[Hrsg.: Dolores Denaro] ; [Texte: Dolores Denaro... et al.]</subfield>
  </datafield>
  <datafield tag="264" ind1=" " ind2="1">
    <subfield code="a">Biel/Bienne :</subfield>
    <subfield code="b">Centre PasquArt ;</subfield>
    <subfield code="a">Nürnberg :</subfield>
    <subfield code="b">Verlag für Moderne Kunst ;</subfield>
    <subfield code="a">Manchester :</subfield>
    <subfield code="b">distrib. in the United Kingdom : Cornerhouse Publications [etc.],</subfield>
    <subfield code="c">[2006]</subfield>
  </datafield>
  <datafield tag="264" ind1=" " ind2="4">
    <subfield code="c">© 2006</subfield>
  </datafield>
  <datafield tag="300" ind1=" " ind2=" ">
    <subfield code="a">119 S. :</subfield>
    <subfield code="b">Ill. ;</subfield>
    <subfield code="c">23 cm</subfield>
  </datafield>
  <datafield tag="336" ind1=" " ind2=" ">
    <subfield code="b">txt</subfield>
    <subfield code="2">rdacontent</subfield>
  </datafield>
  <datafield tag="337" ind1=" " ind2=" ">
    <subfield code="b">n</subfield>
    <subfield code="2">rdamedia</subfield>
  </datafield>
  <datafield tag="338" ind1=" " ind2=" ">
    <subfield code="b">nc</subfield>
    <subfield code="2">rdacarrier</subfield>
  </datafield>
  <datafield tag="500" ind1=" " ind2=" ">
    <subfield code="a">Ouvrage bilingue français et allemand édité à l&apos;occasion de l&apos;exposition présentée au Centre PasquART, Bienne, du 22 janvier au 19 mars 2006</subfield>
  </datafield>
  <datafield tag="600" ind1="1" ind2="7">
    <subfield code="0">(RERO)A013449242</subfield>
    <subfield code="a">Banz, Stéphane</subfield>
    <subfield code="2">rero</subfield>
  </datafield>
  <datafield tag="650" ind1=" " ind2="7">
    <subfield code="a">1992-2006</subfield>
    <subfield code="2">rero</subfield>
  </datafield>
  <datafield tag="655" ind1=" " ind2="7">
    <subfield code="0">(RERO)A021004924</subfield>
    <subfield code="a">[Catalogues d&apos;exposition]</subfield>
    <subfield code="2">rero</subfield>
  </datafield>
  <datafield tag="700" ind1="1" ind2=" ">
    <subfield code="0">(RERO)A002966672</subfield>
    <subfield code="a">Banz, Stefan</subfield>
  </datafield>
  <datafield tag="700" ind1="1" ind2=" ">
    <subfield code="0">(RERO)A005984988</subfield>
    <subfield code="a">Denaro, Dolores</subfield>
  </datafield>
  <datafield tag="710" ind1="2" ind2=" ">
    <subfield code="0">(RERO)A008923299</subfield>
    <subfield code="a">Centre PasquART (Bienne)</subfield>
  </datafield>
  <datafield tag="902" ind1=" " ind2=" ">
    <subfield code="a">gevbaa</subfield>
    <subfield code="b">2007/07</subfield>
    <subfield code="c">520</subfield>
  </datafield>
  <datafield tag="919" ind1=" " ind2=" ">
    <subfield code="a">Banz, Stefan</subfield>
    <subfield code="x">Installation &lt;Kunst&gt;</subfield>
    <subfield code="y">Geschichte 1992-2006</subfield>
    <subfield code="v">Ausstellung</subfield>
    <subfield code="z">Biel &lt;Bern, 2006&gt;</subfield>
    <subfield code="2">SWD</subfield>
  </datafield>
  <datafield tag="919" ind1=" " ind2=" ">
    <subfield code="a">Installation &lt;Kunst&gt;</subfield>
    <subfield code="x">Banz, Stefan</subfield>
    <subfield code="y">Geschichte 1992-2006</subfield>
    <subfield code="v">Ausstellung</subfield>
    <subfield code="z">Biel &lt;Bern, 2006&gt;</subfield>
    <subfield code="2">SWD</subfield>
  </datafield>
  <datafield tag="919" ind1=" " ind2=" ">
    <subfield code="9">600 17</subfield>
    <subfield code="a">Banz, Stéphane</subfield>
    <subfield code="y">1992 / 2006</subfield>
    <subfield code="v">[catalogue d&apos;exposition]</subfield>
    <subfield code="2">chrero</subfield>
  </datafield>
  <datafield tag="957" ind1=" " ind2=" ">
    <subfield code="a">gevbaa</subfield>
  </datafield>
  <datafield tag="992" ind1=" " ind2=" ">
    <subfield code="a">BAA E 2006 BANZ</subfield>
    <subfield code="x">ge/vbaa/a/2007/12829-2</subfield>
  </datafield>
</record>