
<record>
  <leader>02222cas a2200541 a 4500</leader>
  <controlfield tag="001">REROILS:170</controlfield>
  <controlfield tag="005">20190705131700.0</controlfield>
  <controlfield tag="008">000717c19579999sz |||p|| ||||0 || 0ger d</controlfield>
  <datafield tag="022" ind1=" " ind2=" ">
    <subfield code="a">0026-4385</subfield>
  </datafield>
  <datafield tag="035" ind1=" " ind2=" ">
    <subfield code="a">0866187</subfield>
  </datafield>
  <datafield tag="039" ind1=" " ind2="9">
    <subfield code="a">201907051317</subfield>
    <subfield code="b">VLOAD</subfield>
    <subfield code="c">201811162228</subfield>
    <subfield code="d">VLOAD</subfield>
    <subfield code="c">201807011747</subfield>
    <subfield code="d">VLOAD</subfield>
    <subfield code="c">201804191111</subfield>
    <subfield code="d">VLOAD</subfield>
    <subfield code="y">1999022806130000</subfield>
    <subfield code="z">load</subfield>
  </datafield>
  <datafield tag="040" ind1=" " ind2=" ">
    <subfield code="a">RERO labcur</subfield>
  </datafield>
  <datafield tag="041" ind1="0" ind2=" ">
    <subfield code="a">ger</subfield>
    <subfield code="a">fre</subfield>
    <subfield code="a">ita</subfield>
  </datafield>
  <datafield tag="044" ind1=" " ind2=" ">
    <subfield code="a">sz</subfield>
    <subfield code="c">ch-lu</subfield>
  </datafield>
  <datafield tag="072" ind1=" " ind2="7">
    <subfield code="a">s1td</subfield>
    <subfield code="2">rero</subfield>
  </datafield>
  <datafield tag="245" ind1="0" ind2="0">
    <subfield code="a">Mimos :</subfield>
    <subfield code="b">Zeitschrift der Schweizerischen Gesellschaft für Theaterkultur = bulletin de la Société suisse du théâtre = bollettino della Società svizzera di studi teatrali</subfield>
  </datafield>
  <datafield tag="264" ind1=" " ind2="1">
    <subfield code="a">Willisau [etc.] :</subfield>
    <subfield code="b">Theaterkultur-Verlag</subfield>
  </datafield>
  <datafield tag="300" ind1=" " ind2=" ">
    <subfield code="c">30 cm [puis] 24 cm</subfield>
  </datafield>
  <datafield tag="310" ind1=" " ind2=" ">
    <subfield code="a">Annuel,</subfield>
    <subfield code="b">2011-</subfield>
  </datafield>
  <datafield tag="321" ind1=" " ind2=" ">
    <subfield code="a">4x/an,</subfield>
    <subfield code="b">1992-2010</subfield>
  </datafield>
  <datafield tag="321" ind1=" " ind2=" ">
    <subfield code="a">2x/an,</subfield>
    <subfield code="b">1967-1991</subfield>
  </datafield>
  <datafield tag="321" ind1=" " ind2=" ">
    <subfield code="a">4x/an,</subfield>
    <subfield code="b">1957-1966</subfield>
  </datafield>
  <datafield tag="336" ind1=" " ind2=" ">
    <subfield code="b">txt</subfield>
    <subfield code="2">rdacontent</subfield>
  </datafield>
  <datafield tag="337" ind1=" " ind2=" ">
    <subfield code="b">n</subfield>
    <subfield code="2">rdamedia</subfield>
  </datafield>
  <datafield tag="338" ind1=" " ind2=" ">
    <subfield code="b">nc</subfield>
    <subfield code="2">rdacarrier</subfield>
  </datafield>
  <datafield tag="362" ind1="0" ind2=" ">
    <subfield code="a">Jg. 9(1957)-Jg. 62(2010) ; 73(2011)-</subfield>
  </datafield>
  <datafield tag="500" ind1=" " ind2=" ">
    <subfield code="a">Les fascicules suivants ne sont pas parus: Jg. 56(2004), H. 3-4 ; Jg. 57(2005) ; Jg. 58(2006), H. 3-4</subfield>
  </datafield>
  <datafield tag="500" ind1=" " ind2=" ">
    <subfield code="a">Dès 2011, reprend la numérotation du Schweizer Theaterjahrbuch</subfield>
  </datafield>
  <datafield tag="580" ind1=" " ind2=" ">
    <subfield code="a">Fait suite à: Mitteilungen der Schweizerischen Gesellschaft für Theaterkultur</subfield>
  </datafield>
  <datafield tag="580" ind1=" " ind2=" ">
    <subfield code="a">Suppl. de: Schweizerische Theaterzeitung. Puis de: Schweizer Theater Zeitung</subfield>
  </datafield>
  <datafield tag="580" ind1=" " ind2=" ">
    <subfield code="a">Absorbe: Schweizer Theaterjahrbuch</subfield>
  </datafield>
  <datafield tag="650" ind1=" " ind2="7">
    <subfield code="0">(RERO)A021062866</subfield>
    <subfield code="a">Théâtre</subfield>
    <subfield code="2">rero</subfield>
  </datafield>
  <datafield tag="651" ind1=" " ind2="7">
    <subfield code="0">(RERO)A010021522</subfield>
    <subfield code="a">Suisse</subfield>
    <subfield code="2">rero</subfield>
  </datafield>
  <datafield tag="655" ind1=" " ind2="7">
    <subfield code="0">(RERO)A021002597</subfield>
    <subfield code="a">[Périodiques]</subfield>
    <subfield code="2">rero</subfield>
  </datafield>
  <datafield tag="710" ind1="2" ind2=" ">
    <subfield code="0">(RERO)A000153396</subfield>
    <subfield code="a">Société suisse du théâtre</subfield>
  </datafield>
  <datafield tag="772" ind1="1" ind2=" ">
    <subfield code="t">Schweizerische Theaterzeitung</subfield>
  </datafield>
  <datafield tag="772" ind1="1" ind2=" ">
    <subfield code="t">Schweizer Theater Zeitung</subfield>
  </datafield>
  <datafield tag="780" ind1="1" ind2="0">
    <subfield code="t">Mitteilungen der Schweizerischen Gesellschaft für Theaterkultur</subfield>
  </datafield>
  <datafield tag="780" ind1="1" ind2="0">
    <subfield code="t">Schweizer Theaterjahrbuch</subfield>
  </datafield>
  <datafield tag="902" ind1=" " ind2=" ">
    <subfield code="a">baap</subfield>
  </datafield>
  <datafield tag="902" ind1=" " ind2=" ">
    <subfield code="a">gevbaa</subfield>
    <subfield code="b">2014/02</subfield>
    <subfield code="c">801</subfield>
  </datafield>
  <datafield tag="919" ind1=" " ind2=" ">
    <subfield code="9">650 _7</subfield>
    <subfield code="a">théâtre</subfield>
    <subfield code="z">Suisse</subfield>
    <subfield code="v">[périodique]</subfield>
    <subfield code="2">chrero</subfield>
  </datafield>
  <datafield tag="956" ind1=" " ind2=" ">
    <subfield code="a">frbcuc</subfield>
  </datafield>
  <datafield tag="957" ind1=" " ind2=" ">
    <subfield code="a">geudbu gevbaa</subfield>
  </datafield>
  <datafield tag="962" ind1=" " ind2=" ">
    <subfield code="a">nebpun neubfl</subfield>
  </datafield>
  <datafield tag="973" ind1=" " ind2=" ">
    <subfield code="a">vsbcvs</subfield>
  </datafield>
  <datafield tag="992" ind1=" " ind2=" ">
    <subfield code="a">FLZ 2179</subfield>
    <subfield code="x">ge/ulfr/a/flz 2179</subfield>
  </datafield>
  <datafield tag="994" ind1=" " ind2=" ">
    <subfield code="a">NP PU 1399</subfield>
    <subfield code="x">ne/bpun/d Jg. 35(1983)-&gt; [Les 2 dern. nos au Cabinet des périod., case 7.21.]</subfield>
  </datafield>
</record>