
<record>
  <leader>00987naa a22002537a 4500</leader>
  <controlfield tag="001">REROILS:38</controlfield>
  <controlfield tag="005">20180704102600.0</controlfield>
  <controlfield tag="008">020320s1962    sz |||||| ||||10|| |ger d</controlfield>
  <datafield tag="035" ind1=" " ind2=" ">
    <subfield code="a">R003167825</subfield>
  </datafield>
  <datafield tag="039" ind1=" " ind2="9">
    <subfield code="a">201807041026</subfield>
    <subfield code="b">VLOAD</subfield>
    <subfield code="c">201705181435</subfield>
    <subfield code="d">VLOAD</subfield>
    <subfield code="c">200812210848</subfield>
    <subfield code="d">VLOAD</subfield>
    <subfield code="c">200203251749</subfield>
    <subfield code="d">0999</subfield>
    <subfield code="y">200203201604</subfield>
    <subfield code="z">0132</subfield>
  </datafield>
  <datafield tag="040" ind1=" " ind2=" ">
    <subfield code="a">RERO frbcuc</subfield>
  </datafield>
  <datafield tag="044" ind1=" " ind2=" ">
    <subfield code="a">sz</subfield>
    <subfield code="c">ch-be</subfield>
  </datafield>
  <datafield tag="072" ind1=" " ind2="7">
    <subfield code="a">s1se</subfield>
    <subfield code="2">rero</subfield>
  </datafield>
  <datafield tag="100" ind1="1" ind2=" ">
    <subfield code="0">(RERO)A008747341</subfield>
    <subfield code="a">Wegenstein, Willy O</subfield>
    <subfield code="4">cre</subfield>
  </datafield>
  <datafield tag="245" ind1="1" ind2="0">
    <subfield code="a">Von Unternehmer zu Unternehmer :</subfield>
    <subfield code="b">Rapport über die Unternehmertagung 1962 /</subfield>
    <subfield code="c">Willy O. Wegenstein</subfield>
  </datafield>
  <datafield tag="264" ind1=" " ind2="1">
    <subfield code="a">Bern :</subfield>
    <subfield code="b">P. Haupt,</subfield>
    <subfield code="c">1962</subfield>
  </datafield>
  <datafield tag="300" ind1=" " ind2=" ">
    <subfield code="a">32 S. ;</subfield>
    <subfield code="c">21 cm</subfield>
  </datafield>
  <datafield tag="336" ind1=" " ind2=" ">
    <subfield code="b">txt</subfield>
    <subfield code="2">rdacontent</subfield>
  </datafield>
  <datafield tag="337" ind1=" " ind2=" ">
    <subfield code="b">n</subfield>
    <subfield code="2">rdamedia</subfield>
  </datafield>
  <datafield tag="338" ind1=" " ind2=" ">
    <subfield code="b">nc</subfield>
    <subfield code="2">rdacarrier</subfield>
  </datafield>
  <datafield tag="490" ind1="1" ind2=" ">
    <subfield code="a">Wirkungsvolles Management : eine Schriftenreihe für Unternehmer und ihre leitenden Mitarbeiter</subfield>
    <subfield code="v">H. 3</subfield>
  </datafield>
  <datafield tag="830" ind1=" " ind2="0">
    <subfield code="a">Wirkungsvolles Management : eine Schriftenreihe für Unternehmer und ihre leitenden Mitarbeiter</subfield>
    <subfield code="v">3</subfield>
    <subfield code="w">REROILS:39</subfield>
  </datafield>
  <datafield tag="956" ind1=" " ind2=" ">
    <subfield code="a">frbcuc</subfield>
  </datafield>
  <datafield tag="981" ind1=" " ind2=" ">
    <subfield code="2">ISES</subfield>
    <subfield code="a">K-04</subfield>
  </datafield>
</record>