
<record>
  <leader>02492nam a22004692a 4500</leader>
  <controlfield tag="001">REROILS:171</controlfield>
  <controlfield tag="005">20181113172600.0</controlfield>
  <controlfield tag="008">140916m18691871ru ||| |  ||||00|  |rus d</controlfield>
  <datafield tag="019" ind1=" " ind2=" ">
    <subfield code="a">Catalogage d&apos;après ancienne fiche</subfield>
    <subfield code="9">gevbge/2014/Medea</subfield>
  </datafield>
  <datafield tag="035" ind1=" " ind2=" ">
    <subfield code="a">R007882036</subfield>
  </datafield>
  <datafield tag="039" ind1=" " ind2="9">
    <subfield code="a">201811131726</subfield>
    <subfield code="b">AUTHORITY</subfield>
    <subfield code="c">201811131718</subfield>
    <subfield code="d">AUTHORITY</subfield>
    <subfield code="c">201706021007</subfield>
    <subfield code="d">VLOAD</subfield>
    <subfield code="c">201604051751</subfield>
    <subfield code="d">7951</subfield>
    <subfield code="y">201409161638</subfield>
    <subfield code="z">6030</subfield>
  </datafield>
  <datafield tag="040" ind1=" " ind2=" ">
    <subfield code="a">RERO gevbge</subfield>
  </datafield>
  <datafield tag="072" ind1=" " ind2="7">
    <subfield code="a">s1zz</subfield>
    <subfield code="2">rero</subfield>
  </datafield>
  <datafield tag="100" ind1="1" ind2=" ">
    <subfield code="0">(RERO)A000134048</subfield>
    <subfield code="6">880-01</subfield>
    <subfield code="a">Pushkin, Aleksandr Sergeevich,</subfield>
    <subfield code="d">1799-1837</subfield>
    <subfield code="4">cre</subfield>
  </datafield>
  <datafield tag="245" ind1="1" ind2="0">
    <subfield code="6">880-02</subfield>
    <subfield code="a">Polnoe sobranie sochineniĭ /</subfield>
    <subfield code="c">Aleksandr Pushkin</subfield>
  </datafield>
  <datafield tag="250" ind1=" " ind2=" ">
    <subfield code="6">880-03</subfield>
    <subfield code="a">Izd. 2-e /</subfield>
    <subfield code="b">pod red. G. N. Gennadi</subfield>
  </datafield>
  <datafield tag="264" ind1=" " ind2="1">
    <subfield code="6">880-04</subfield>
    <subfield code="a">Sanktpeterburg :</subfield>
    <subfield code="b">izd. I︠A︡.A. Isakova,</subfield>
    <subfield code="c">1869-1871</subfield>
  </datafield>
  <datafield tag="300" ind1=" " ind2=" ">
    <subfield code="a">6 vol. :</subfield>
    <subfield code="b">portr. ;</subfield>
    <subfield code="c">8°</subfield>
  </datafield>
  <datafield tag="336" ind1=" " ind2=" ">
    <subfield code="b">txt</subfield>
    <subfield code="2">rdacontent</subfield>
  </datafield>
  <datafield tag="337" ind1=" " ind2=" ">
    <subfield code="b">n</subfield>
    <subfield code="2">rdamedia</subfield>
  </datafield>
  <datafield tag="338" ind1=" " ind2=" ">
    <subfield code="b">nc</subfield>
    <subfield code="2">rdacarrier</subfield>
  </datafield>
  <datafield tag="505" ind1="0" ind2=" ">
    <subfield code="6">880-05</subfield>
    <subfield code="a">T. 1: Liricheskie stichotvorenii︠a︡</subfield>
  </datafield>
  <datafield tag="505" ind1="0" ind2=" ">
    <subfield code="6">880-06</subfield>
    <subfield code="a">T. 2: Poėmy, skazki, Pesni zapadnykh slavi︠a︡n</subfield>
  </datafield>
  <datafield tag="505" ind1="0" ind2=" ">
    <subfield code="6">880-07</subfield>
    <subfield code="a">T. 3: Evgeniĭ Onegin i dramaticheskii︠a︡ proizvedenii︠a︡</subfield>
  </datafield>
  <datafield tag="505" ind1="0" ind2=" ">
    <subfield code="6">880-08</subfield>
    <subfield code="a">T. 4: Zapiski, zametki, romany i povesti</subfield>
  </datafield>
  <datafield tag="505" ind1="0" ind2=" ">
    <subfield code="6">880-09</subfield>
    <subfield code="a">T. 5: Otryvki, zhurnalʹnye i istoricheskie statʹi</subfield>
  </datafield>
  <datafield tag="505" ind1="0" ind2=" ">
    <subfield code="6">880-10</subfield>
    <subfield code="a">T. 6: Istorii︠a︡ Pugachevskago bunta</subfield>
  </datafield>
  <datafield tag="700" ind1="1" ind2=" ">
    <subfield code="0">(RERO)A000070425</subfield>
    <subfield code="6">880-11</subfield>
    <subfield code="a">Gennadiĭ, Grigoriĭ Nikolaevich</subfield>
  </datafield>
  <datafield tag="880" ind1="1" ind2=" ">
    <subfield code="6">100-01/(N</subfield>
    <subfield code="a">Пушкин, Александр Сергеевич,</subfield>
    <subfield code="d">1799-1837</subfield>
  </datafield>
  <datafield tag="880" ind1="1" ind2="0">
    <subfield code="6">245-02/(N</subfield>
    <subfield code="a">Полное собрание сочинений /</subfield>
    <subfield code="c">Александр Пушкин</subfield>
  </datafield>
  <datafield tag="880" ind1=" " ind2=" ">
    <subfield code="6">250-03/(N</subfield>
    <subfield code="a">Изд. 2-е /</subfield>
    <subfield code="b">под ред. Г. Н. Геннади</subfield>
  </datafield>
  <datafield tag="880" ind1="0" ind2=" ">
    <subfield code="6">505-05/(N</subfield>
    <subfield code="a">Т. 1: Лирические стихотворения</subfield>
  </datafield>
  <datafield tag="880" ind1="0" ind2=" ">
    <subfield code="6">505-06/(N</subfield>
    <subfield code="a">Т. 2: Поэмы, сказки, Песни западных славян</subfield>
  </datafield>
  <datafield tag="880" ind1="0" ind2=" ">
    <subfield code="6">505-07/(N</subfield>
    <subfield code="a">Т. 3: Евгений Онегин и драматическия произведения</subfield>
  </datafield>
  <datafield tag="880" ind1="0" ind2=" ">
    <subfield code="6">505-08/(N</subfield>
    <subfield code="a">Т. 4: Записки, заметки, романы и повести</subfield>
  </datafield>
  <datafield tag="880" ind1="0" ind2=" ">
    <subfield code="6">505-09/(N</subfield>
    <subfield code="a">Т. 5: Отрывки, журнальные и исторические статьи</subfield>
  </datafield>
  <datafield tag="880" ind1="0" ind2=" ">
    <subfield code="6">505-10/(N</subfield>
    <subfield code="a">Т. 6: История Пугачевскаго бунта</subfield>
  </datafield>
  <datafield tag="880" ind1="1" ind2=" ">
    <subfield code="6">700-11/(N</subfield>
    <subfield code="a">Геннадий, Григорий Николаевич</subfield>
  </datafield>
  <datafield tag="880" ind1=" " ind2="1">
    <subfield code="6">264-04/(N</subfield>
    <subfield code="a">Санктпетербург :</subfield>
    <subfield code="b">изд. Я.А. Исакова,</subfield>
    <subfield code="c">1869-1871</subfield>
  </datafield>
  <datafield tag="902" ind1=" " ind2=" ">
    <subfield code="a">recatge05</subfield>
  </datafield>
  <datafield tag="932" ind1=" " ind2=" ">
    <subfield code="a">gevbge1020010</subfield>
  </datafield>
  <datafield tag="957" ind1=" " ind2=" ">
    <subfield code="a">gevbge</subfield>
  </datafield>
</record>