
<record>
  <leader>00629nas a22001817a 4500</leader>
  <controlfield tag="001">REROILS:174</controlfield>
  <controlfield tag="005">20170518113300.0</controlfield>
  <controlfield tag="008">010919q19919999is |||m|  ||||0 |  0eng d</controlfield>
  <datafield tag="035" ind1=" " ind2=" ">
    <subfield code="a">R003092022</subfield>
  </datafield>
  <datafield tag="039" ind1=" " ind2="9">
    <subfield code="a">201705181133</subfield>
    <subfield code="b">VLOAD</subfield>
    <subfield code="c">200605291636</subfield>
    <subfield code="d">VLOAD</subfield>
    <subfield code="c">200109191405</subfield>
    <subfield code="d">8702</subfield>
    <subfield code="y">200109191402</subfield>
    <subfield code="z">8702</subfield>
  </datafield>
  <datafield tag="040" ind1=" " ind2=" ">
    <subfield code="a">RERO laisdc</subfield>
  </datafield>
  <datafield tag="072" ind1=" " ind2="7">
    <subfield code="a">s1dr</subfield>
    <subfield code="2">rero</subfield>
  </datafield>
  <datafield tag="245" ind1="0" ind2="0">
    <subfield code="a">Israel/Palestine /</subfield>
    <subfield code="c">Israel/Palestine Center for Research and Information</subfield>
  </datafield>
  <datafield tag="264" ind1=" " ind2="1">
    <subfield code="a">Jerusalem :</subfield>
    <subfield code="b">the Center,</subfield>
    <subfield code="c">[1991?]-</subfield>
  </datafield>
  <datafield tag="336" ind1=" " ind2=" ">
    <subfield code="b">txt</subfield>
    <subfield code="2">rdacontent</subfield>
  </datafield>
  <datafield tag="337" ind1=" " ind2=" ">
    <subfield code="b">n</subfield>
    <subfield code="2">rdamedia</subfield>
  </datafield>
  <datafield tag="338" ind1=" " ind2=" ">
    <subfield code="b">nc</subfield>
    <subfield code="2">rdacarrier</subfield>
  </datafield>
  <datafield tag="710" ind1="2" ind2=" ">
    <subfield code="0">(RERO)A000091700</subfield>
    <subfield code="a">Israel/Palestine Center for Research and Information</subfield>
  </datafield>
</record>