
<record>
  <leader>00825nim a22002537a 4500</leader>
  <controlfield tag="001">REROILS:175</controlfield>
  <controlfield tag="005">20170529172800.0</controlfield>
  <controlfield tag="008">100217s2006    xxu||| |  ||||  |  |eng d</controlfield>
  <datafield tag="028" ind1=" " ind2=" ">
    <subfield code="a">9780739337202</subfield>
  </datafield>
  <datafield tag="035" ind1=" " ind2=" ">
    <subfield code="a">R005392475</subfield>
  </datafield>
  <datafield tag="039" ind1=" " ind2="9">
    <subfield code="a">201705291728</subfield>
    <subfield code="b">VLOAD</subfield>
    <subfield code="c">201605151243</subfield>
    <subfield code="d">VLOAD</subfield>
    <subfield code="c">201011190731</subfield>
    <subfield code="d">1100</subfield>
    <subfield code="c">201011180901</subfield>
    <subfield code="d">1026</subfield>
    <subfield code="y">201002171230</subfield>
    <subfield code="z">1010</subfield>
  </datafield>
  <datafield tag="040" ind1=" " ind2=" ">
    <subfield code="a">RERO vsbcvs</subfield>
  </datafield>
  <datafield tag="072" ind1=" " ind2="7">
    <subfield code="a">s1an</subfield>
    <subfield code="2">rero</subfield>
  </datafield>
  <datafield tag="100" ind1="1" ind2=" ">
    <subfield code="0">(RERO)A013419045</subfield>
    <subfield code="a">Meyer, Stephenie</subfield>
    <subfield code="4">cre</subfield>
  </datafield>
  <datafield tag="245" ind1="1" ind2="0">
    <subfield code="a">New moon</subfield>
    <subfield code="h">[Enregistrement sonore] /</subfield>
    <subfield code="c">Stephenie Meyer</subfield>
  </datafield>
  <datafield tag="264" ind1=" " ind2="1">
    <subfield code="a">New York :</subfield>
    <subfield code="b">Listening Library,</subfield>
    <subfield code="c">2006</subfield>
  </datafield>
  <datafield tag="300" ind1=" " ind2=" ">
    <subfield code="a">12 compact discs dans 2 emboîtages (14h51)</subfield>
  </datafield>
  <datafield tag="500" ind1=" " ind2=" ">
    <subfield code="a">Unabridged</subfield>
  </datafield>
  <datafield tag="511" ind1="0" ind2=" ">
    <subfield code="a">Read by Ilyana Kadushin</subfield>
  </datafield>
  <datafield tag="700" ind1="1" ind2=" ">
    <subfield code="0">(RERO)A017575245</subfield>
    <subfield code="a">Kadushin, Ilyana</subfield>
  </datafield>
  <datafield tag="906" ind1=" " ind2=" ">
    <subfield code="a">mavs2</subfield>
  </datafield>
  <datafield tag="973" ind1=" " ind2=" ">
    <subfield code="a">vsbcvb</subfield>
  </datafield>
  <datafield tag="986" ind1=" " ind2=" ">
    <subfield code="2">cdu-vsbcvb</subfield>
    <subfield code="a">MEYE</subfield>
  </datafield>
  <datafield tag="986" ind1=" " ind2=" ">
    <subfield code="2">ske</subfield>
    <subfield code="a">Hörbuch</subfield>
  </datafield>
</record>