
<record>
  <leader>01500nam a22003132a 4500</leader>
  <controlfield tag="001">REROILS:176</controlfield>
  <controlfield tag="005">20190403141600.0</controlfield>
  <controlfield tag="008">170615s1747    sz ||| |  ||||00|  |lat d</controlfield>
  <datafield tag="024" ind1="8" ind2=" ">
    <subfield code="a">VD18 10153438</subfield>
    <subfield code="2">vd18</subfield>
  </datafield>
  <datafield tag="035" ind1=" " ind2=" ">
    <subfield code="a">R008666989</subfield>
  </datafield>
  <datafield tag="039" ind1=" " ind2="9">
    <subfield code="a">201904031416</subfield>
    <subfield code="b">AUTHORITY</subfield>
    <subfield code="c">201904031319</subfield>
    <subfield code="d">0060</subfield>
    <subfield code="c">201904031255</subfield>
    <subfield code="d">AUTHORITY</subfield>
    <subfield code="y">201706151143</subfield>
    <subfield code="z">6005</subfield>
  </datafield>
  <datafield tag="040" ind1=" " ind2=" ">
    <subfield code="a">GBVCP</subfield>
    <subfield code="b">ger</subfield>
    <subfield code="e">rda</subfield>
    <subfield code="d">RERO gevbge</subfield>
  </datafield>
  <datafield tag="072" ind1=" " ind2="7">
    <subfield code="a">s1zz</subfield>
    <subfield code="2">rero</subfield>
  </datafield>
  <datafield tag="100" ind1="1" ind2=" ">
    <subfield code="0">(RERO)A003292326</subfield>
    <subfield code="a">Gessner, Johann Jacob</subfield>
    <subfield code="4">cre</subfield>
  </datafield>
  <datafield tag="245" ind1="1" ind2="0">
    <subfield code="a">Numismata Antiqua Imperatorum Romanorum Latina et Graeca :</subfield>
    <subfield code="b">Omnia Quoquot ex Numismato-phylaciis et Scriptoribus de Re numaria comparare licuit, Integra serie Tabulis Æneis Repræsentata, adscriptis Nominibus Museorum unde deprompta sunt, et Locis præstantiss: Authorum qui Singula illustrarunt /</subfield>
    <subfield code="c">digessit et edidit Ioh. Iacobus Gessnerus</subfield>
  </datafield>
  <datafield tag="264" ind1=" " ind2="1">
    <subfield code="a">Tiguri :</subfield>
    <subfield code="b">Apud Casparum Fuesslinum Pictorem,</subfield>
    <subfield code="c">[1747?]</subfield>
  </datafield>
  <datafield tag="300" ind1=" " ind2=" ">
    <subfield code="a">CLXXXIV, VIII f. :</subfield>
    <subfield code="b">ill. ;</subfield>
    <subfield code="c">2°</subfield>
  </datafield>
  <datafield tag="336" ind1=" " ind2=" ">
    <subfield code="b">txt</subfield>
    <subfield code="2">rdacontent</subfield>
  </datafield>
  <datafield tag="337" ind1=" " ind2=" ">
    <subfield code="b">n</subfield>
    <subfield code="2">rdamedia</subfield>
  </datafield>
  <datafield tag="338" ind1=" " ind2=" ">
    <subfield code="b">nc</subfield>
    <subfield code="2">rdacarrier</subfield>
  </datafield>
  <datafield tag="500" ind1=" " ind2=" ">
    <subfield code="a">Tafel CXXXII datiert 1747. - SBB-PK Berlin datiert auf 1738. ZB Zürich datiert auf 1740</subfield>
  </datafield>
  <datafield tag="510" ind1="4" ind2=" ">
    <subfield code="a">Dekesel, C.E. Bibliotheca Nummaria III, G91</subfield>
  </datafield>
  <datafield tag="510" ind1="4" ind2=" ">
    <subfield code="a">VD18 10153438</subfield>
  </datafield>
  <datafield tag="700" ind1="1" ind2=" ">
    <subfield code="0">(RERO)A000066970</subfield>
    <subfield code="a">Füssli, Johann Caspar,</subfield>
    <subfield code="d">1706-1782</subfield>
    <subfield code="4">prt</subfield>
  </datafield>
  <datafield tag="752" ind1=" " ind2=" ">
    <subfield code="0">(RERO)A000000429</subfield>
    <subfield code="d">Zürich (1450-1800, lieu d&apos;édition ou d&apos;impression)</subfield>
  </datafield>
  <datafield tag="900" ind1=" " ind2="1">
    <subfield code="a">OCoLC</subfield>
    <subfield code="b">20170615</subfield>
    <subfield code="c">Droits réservés</subfield>
  </datafield>
  <datafield tag="919" ind1=" " ind2="7">
    <subfield code="a">Geldwesen</subfield>
    <subfield code="2">local</subfield>
  </datafield>
  <datafield tag="930" ind1=" " ind2=" ">
    <subfield code="a">(OCoLC) ocn258104947</subfield>
  </datafield>
  <datafield tag="957" ind1=" " ind2=" ">
    <subfield code="a">gevbge</subfield>
  </datafield>
</record>