
<record>
  <leader>02467nam a2200493 a 4500</leader>
  <controlfield tag="001">REROILS:177</controlfield>
  <controlfield tag="005">20180329161500.0</controlfield>
  <controlfield tag="008">000918r19161758xxu|||||| ||||00|| |eng d</controlfield>
  <datafield tag="019" ind1=" " ind2=" ">
    <subfield code="a">BPUN: Vattel = NE</subfield>
    <subfield code="9">nebpun/05.2000/3312</subfield>
  </datafield>
  <datafield tag="035" ind1=" " ind2=" ">
    <subfield code="a">0073804</subfield>
  </datafield>
  <datafield tag="039" ind1=" " ind2=" ">
    <subfield code="b">6001</subfield>
    <subfield code="b">3312</subfield>
  </datafield>
  <datafield tag="039" ind1=" " ind2="9">
    <subfield code="a">201803291615</subfield>
    <subfield code="b">VLOAD</subfield>
    <subfield code="c">201709250918</subfield>
    <subfield code="d">VLOAD</subfield>
    <subfield code="c">201705151538</subfield>
    <subfield code="d">VLOAD</subfield>
    <subfield code="c">201703270928</subfield>
    <subfield code="d">VLOAD</subfield>
    <subfield code="y">1999022711460000</subfield>
    <subfield code="z">load</subfield>
  </datafield>
  <datafield tag="040" ind1=" " ind2=" ">
    <subfield code="a">RERO</subfield>
  </datafield>
  <datafield tag="041" ind1="0" ind2=" ">
    <subfield code="a">eng</subfield>
    <subfield code="a">fre</subfield>
  </datafield>
  <datafield tag="072" ind1=" " ind2="7">
    <subfield code="a">s1dr</subfield>
    <subfield code="2">rero</subfield>
  </datafield>
  <datafield tag="100" ind1="1" ind2=" ">
    <subfield code="0">(RERO)A000170720</subfield>
    <subfield code="a">Vattel, Emer de</subfield>
    <subfield code="4">cre</subfield>
  </datafield>
  <datafield tag="245" ind1="1" ind2="3">
    <subfield code="a">Le droit des gens, ou, Principes de la loi naturelle appliqués à la conduite et aux affaires des nations et des souverains /</subfield>
    <subfield code="c">par M. Vattel ; with an introd. by Albert de Lapradelle = The law of nations or the principles of natural law</subfield>
  </datafield>
  <datafield tag="264" ind1=" " ind2="1">
    <subfield code="a">Washington :</subfield>
    <subfield code="b">Carnegie Institution of Washington,</subfield>
    <subfield code="c">1916</subfield>
  </datafield>
  <datafield tag="300" ind1=" " ind2=" ">
    <subfield code="a">3 vol. :</subfield>
    <subfield code="b">fig. ;</subfield>
    <subfield code="c">27 cm</subfield>
  </datafield>
  <datafield tag="336" ind1=" " ind2=" ">
    <subfield code="b">txt</subfield>
    <subfield code="2">rdacontent</subfield>
  </datafield>
  <datafield tag="337" ind1=" " ind2=" ">
    <subfield code="b">n</subfield>
    <subfield code="2">rdamedia</subfield>
  </datafield>
  <datafield tag="338" ind1=" " ind2=" ">
    <subfield code="b">nc</subfield>
    <subfield code="2">rdacarrier</subfield>
  </datafield>
  <datafield tag="490" ind1="1" ind2=" ">
    <subfield code="a">The classics of international law</subfield>
    <subfield code="v">[no 4]</subfield>
  </datafield>
  <datafield tag="490" ind1="1" ind2=" ">
    <subfield code="a">[Publ. of the Carnegie Endowment for International Peace : Division of International Law]</subfield>
  </datafield>
  <datafield tag="505" ind1="0" ind2=" ">
    <subfield code="a">Vol. 1 : Reproduction of books I and II of edition of 1758. - LIX, 541 p</subfield>
  </datafield>
  <datafield tag="505" ind1="0" ind2=" ">
    <subfield code="a">Vol. 2 : Reproduction of books III and IV of edition of 1758. - 375 p</subfield>
  </datafield>
  <datafield tag="505" ind1="0" ind2=" ">
    <subfield code="a">Vol. 3 : Translation of the edition of 1758 / by Charles G. Fenwick ; with an introd. by Albert de Lapradelle. - LIX, 398 p</subfield>
  </datafield>
  <datafield tag="534" ind1=" " ind2=" ">
    <subfield code="p">Les deux premiers vol. sont une reprod. de l&apos;éd. de:</subfield>
    <subfield code="c">Londres, 1758</subfield>
  </datafield>
  <datafield tag="583" ind1=" " ind2=" ">
    <subfield code="5">geubfd D 11 g CLIL 1911</subfield>
    <subfield code="z">2</subfield>
    <subfield code="l">vol. 3 abîmé</subfield>
  </datafield>
  <datafield tag="700" ind1="1" ind2=" ">
    <subfield code="0">(RERO)A003496534</subfield>
    <subfield code="a">Lapradelle, Albert Geouffre de,</subfield>
    <subfield code="d">1871-1955</subfield>
  </datafield>
  <datafield tag="700" ind1="1" ind2=" ">
    <subfield code="0">(RERO)A003237714</subfield>
    <subfield code="a">Fenwick, Charles Ghequiere</subfield>
  </datafield>
  <datafield tag="830" ind1=" " ind2="0">
    <subfield code="a">Classics of International Law</subfield>
    <subfield code="v">4</subfield>
  </datafield>
  <datafield tag="830" ind1=" " ind2="0">
    <subfield code="a">Publications of the Carnegie Endowment for International Peace.</subfield>
    <subfield code="p">Division of International Law = Publications de la Dotation Carnegie pour la paix internationale. Division de droit international = Publicaciones de la Dotación Carnegie para la paz internacional. División de derecho internacional</subfield>
  </datafield>
  <datafield tag="904" ind1=" " ind2=" ">
    <subfield code="a">neaut</subfield>
  </datafield>
  <datafield tag="956" ind1=" " ind2=" ">
    <subfield code="a">frbcuc</subfield>
  </datafield>
  <datafield tag="957" ind1=" " ind2=" ">
    <subfield code="a">geheid geubfd gevbge</subfield>
  </datafield>
  <datafield tag="962" ind1=" " ind2=" ">
    <subfield code="a">nebpun neubfd</subfield>
  </datafield>
  <datafield tag="980" ind1=" " ind2=" ">
    <subfield code="2">dr-sys</subfield>
    <subfield code="a">D 11 g</subfield>
  </datafield>
  <datafield tag="982" ind1=" " ind2=" ">
    <subfield code="2">heid</subfield>
    <subfield code="a">341(093)</subfield>
  </datafield>
  <datafield tag="982" ind1=" " ind2=" ">
    <subfield code="2">ge-heid</subfield>
    <subfield code="a">341(093) HEIA 19240/4/3</subfield>
  </datafield>
  <datafield tag="982" ind1=" " ind2=" ">
    <subfield code="2">dr-geubfd</subfield>
    <subfield code="a">D 11 g CLIL 1911</subfield>
  </datafield>
  <datafield tag="984" ind1=" " ind2=" ">
    <subfield code="2">dr-neubfd</subfield>
    <subfield code="a">D 11 g VATT 1916</subfield>
  </datafield>
  <datafield tag="992" ind1=" " ind2=" ">
    <subfield code="a">BGE ZV 69/4</subfield>
    <subfield code="x">ge/vbge/a/12/6768</subfield>
  </datafield>
  <datafield tag="994" ind1=" " ind2=" ">
    <subfield code="a">Q 275</subfield>
    <subfield code="x">ne/bpun/w/43193</subfield>
  </datafield>
</record>