
<record>
  <leader>00849nas a2200289 a 4500</leader>
  <controlfield tag="001">REROILS:178</controlfield>
  <controlfield tag="005">20181116201100.0</controlfield>
  <controlfield tag="008">920217c1970    gw |||p|| ||||0 || 0ger d</controlfield>
  <datafield tag="022" ind1=" " ind2=" ">
    <subfield code="a">0031-9252</subfield>
  </datafield>
  <datafield tag="035" ind1=" " ind2=" ">
    <subfield code="a">1490336</subfield>
  </datafield>
  <datafield tag="039" ind1=" " ind2="7">
    <subfield code="b">1030</subfield>
  </datafield>
  <datafield tag="039" ind1=" " ind2="9">
    <subfield code="a">201811162011</subfield>
    <subfield code="b">VLOAD</subfield>
    <subfield code="c">201706102100</subfield>
    <subfield code="d">VLOAD</subfield>
    <subfield code="c">201309241724</subfield>
    <subfield code="d">1210</subfield>
    <subfield code="c">200909120936</subfield>
    <subfield code="d">1113</subfield>
    <subfield code="y">1999022820490000</subfield>
    <subfield code="z">load</subfield>
  </datafield>
  <datafield tag="040" ind1=" " ind2=" ">
    <subfield code="a">RERO tibrb-</subfield>
  </datafield>
  <datafield tag="072" ind1=" " ind2="7">
    <subfield code="a">s1py</subfield>
    <subfield code="2">rero</subfield>
  </datafield>
  <datafield tag="245" ind1="0" ind2="0">
    <subfield code="a">Physik in unserer Zeit</subfield>
  </datafield>
  <datafield tag="264" ind1=" " ind2="1">
    <subfield code="a">Weinheim :</subfield>
    <subfield code="b">VCH Verlagsgesellschaft</subfield>
  </datafield>
  <datafield tag="300" ind1=" " ind2=" ">
    <subfield code="c">30 cm</subfield>
  </datafield>
  <datafield tag="310" ind1=" " ind2=" ">
    <subfield code="a">Zweimonatlich</subfield>
  </datafield>
  <datafield tag="336" ind1=" " ind2=" ">
    <subfield code="b">txt</subfield>
    <subfield code="2">rdacontent</subfield>
  </datafield>
  <datafield tag="337" ind1=" " ind2=" ">
    <subfield code="b">n</subfield>
    <subfield code="2">rdamedia</subfield>
  </datafield>
  <datafield tag="338" ind1=" " ind2=" ">
    <subfield code="b">nc</subfield>
    <subfield code="2">rdacarrier</subfield>
  </datafield>
  <datafield tag="362" ind1="0" ind2=" ">
    <subfield code="a">Jg. 1(1970)-&gt;</subfield>
  </datafield>
  <datafield tag="650" ind1=" " ind2="7">
    <subfield code="0">(RERO)A021002641</subfield>
    <subfield code="a">Physique</subfield>
    <subfield code="2">rero</subfield>
  </datafield>
  <datafield tag="655" ind1=" " ind2="7">
    <subfield code="0">(RERO)A021002597</subfield>
    <subfield code="a">[Périodiques]</subfield>
    <subfield code="2">rero</subfield>
  </datafield>
  <datafield tag="919" ind1=" " ind2=" ">
    <subfield code="9">650 _7</subfield>
    <subfield code="a">physique</subfield>
    <subfield code="v">[périodique]</subfield>
    <subfield code="2">chrero</subfield>
  </datafield>
  <datafield tag="956" ind1=" " ind2=" ">
    <subfield code="a">frbcuc</subfield>
  </datafield>
  <datafield tag="973" ind1=" " ind2=" ">
    <subfield code="a">vsbcvb</subfield>
  </datafield>
</record>