
<record>
  <leader>00880nim a22002657a 4500</leader>
  <controlfield tag="001">REROILS:179</controlfield>
  <controlfield tag="005">20191119091500.0</controlfield>
  <controlfield tag="007">s|</controlfield>
  <controlfield tag="008">080118s2006    fr ||| |  ||||  |  |fre d</controlfield>
  <datafield tag="035" ind1=" " ind2=" ">
    <subfield code="a">R004631211</subfield>
  </datafield>
  <datafield tag="039" ind1=" " ind2="9">
    <subfield code="a">201911190915</subfield>
    <subfield code="b">AUTHORITY</subfield>
    <subfield code="c">201806191716</subfield>
    <subfield code="d">VLOAD</subfield>
    <subfield code="c">201705191741</subfield>
    <subfield code="d">VLOAD</subfield>
    <subfield code="c">201304091204</subfield>
    <subfield code="d">VLOAD</subfield>
    <subfield code="y">200801181703</subfield>
    <subfield code="z">1026</subfield>
  </datafield>
  <datafield tag="040" ind1=" " ind2=" ">
    <subfield code="a">RERO vsbcvs</subfield>
  </datafield>
  <datafield tag="072" ind1=" " ind2="7">
    <subfield code="a">s1fr</subfield>
    <subfield code="2">rero</subfield>
  </datafield>
  <datafield tag="100" ind1="1" ind2=" ">
    <subfield code="0">(RERO)A006369345</subfield>
    <subfield code="a">Besson, Philippe,</subfield>
    <subfield code="d">1967-</subfield>
    <subfield code="4">cre</subfield>
  </datafield>
  <datafield tag="245" ind1="1" ind2="2">
    <subfield code="a">L&apos;enfant d&apos;octobre /</subfield>
    <subfield code="c">Philippe Besson</subfield>
  </datafield>
  <datafield tag="264" ind1=" " ind2="1">
    <subfield code="a">Paris :</subfield>
    <subfield code="b">Lire dans le noir,</subfield>
    <subfield code="c">[dépôt légal 2006]</subfield>
  </datafield>
  <datafield tag="300" ind1=" " ind2=" ">
    <subfield code="a">4 disques compacts en un coffret (4 h.)</subfield>
  </datafield>
  <datafield tag="336" ind1=" " ind2=" ">
    <subfield code="b">spw</subfield>
    <subfield code="2">rdacontent</subfield>
  </datafield>
  <datafield tag="337" ind1=" " ind2=" ">
    <subfield code="b">s</subfield>
    <subfield code="2">rdamedia</subfield>
  </datafield>
  <datafield tag="338" ind1=" " ind2=" ">
    <subfield code="b">sd</subfield>
    <subfield code="2">rdacarrier</subfield>
  </datafield>
  <datafield tag="500" ind1=" " ind2=" ">
    <subfield code="a">La couv. porte: Philippe Besson lit l&apos;intégralité de son roman</subfield>
  </datafield>
  <datafield tag="906" ind1=" " ind2=" ">
    <subfield code="a">mavs2</subfield>
  </datafield>
  <datafield tag="906" ind1=" " ind2=" ">
    <subfield code="a">bcvs</subfield>
    <subfield code="b">2008/01</subfield>
    <subfield code="c">15</subfield>
  </datafield>
  <datafield tag="973" ind1=" " ind2=" ">
    <subfield code="a">vsbcvs</subfield>
  </datafield>
  <datafield tag="986" ind1=" " ind2=" ">
    <subfield code="2">cdu-vsprat</subfield>
    <subfield code="a">83 BESS</subfield>
  </datafield>
</record>