
<record>
  <leader>01177nas a2200349 a 4500</leader>
  <controlfield tag="001">REROILS:180</controlfield>
  <controlfield tag="005">20190705133500.0</controlfield>
  <controlfield tag="008">890302c19509999ja |||p|| ||||0 || 0jpn d</controlfield>
  <datafield tag="022" ind1=" " ind2=" ">
    <subfield code="a">0046-7413</subfield>
  </datafield>
  <datafield tag="035" ind1=" " ind2=" ">
    <subfield code="a">1084908</subfield>
  </datafield>
  <datafield tag="039" ind1=" " ind2="9">
    <subfield code="a">201907051335</subfield>
    <subfield code="b">VLOAD</subfield>
    <subfield code="c">201811162326</subfield>
    <subfield code="d">VLOAD</subfield>
    <subfield code="c">201706102225</subfield>
    <subfield code="d">VLOAD</subfield>
    <subfield code="c">200812220146</subfield>
    <subfield code="d">VLOAD</subfield>
    <subfield code="y">1999022811190000</subfield>
    <subfield code="z">load</subfield>
  </datafield>
  <datafield tag="040" ind1=" " ind2=" ">
    <subfield code="a">RERO gevcjb</subfield>
  </datafield>
  <datafield tag="041" ind1="0" ind2=" ">
    <subfield code="a">jpn</subfield>
    <subfield code="a">eng</subfield>
  </datafield>
  <datafield tag="072" ind1=" " ind2="7">
    <subfield code="a">s1bo</subfield>
    <subfield code="2">rero</subfield>
  </datafield>
  <datafield tag="210" ind1="1" ind2="0">
    <subfield code="a">Hikobia.</subfield>
  </datafield>
  <datafield tag="245" ind1="0" ind2="0">
    <subfield code="a">Hikobia :</subfield>
    <subfield code="b">journal of the Hiroshima Botanical Club</subfield>
  </datafield>
  <datafield tag="264" ind1=" " ind2="1">
    <subfield code="a">Hiroshima :</subfield>
    <subfield code="b">Hiroshima Botanical Club,</subfield>
    <subfield code="c">1950-&gt;</subfield>
  </datafield>
  <datafield tag="300" ind1=" " ind2=" ">
    <subfield code="c">21 [puis] 26 cm</subfield>
  </datafield>
  <datafield tag="310" ind1=" " ind2=" ">
    <subfield code="a">Irrégulier</subfield>
  </datafield>
  <datafield tag="336" ind1=" " ind2=" ">
    <subfield code="b">txt</subfield>
    <subfield code="2">rdacontent</subfield>
  </datafield>
  <datafield tag="337" ind1=" " ind2=" ">
    <subfield code="b">n</subfield>
    <subfield code="2">rdamedia</subfield>
  </datafield>
  <datafield tag="338" ind1=" " ind2=" ">
    <subfield code="b">nc</subfield>
    <subfield code="2">rdacarrier</subfield>
  </datafield>
  <datafield tag="362" ind1="0" ind2=" ">
    <subfield code="a">Vol. 1(1950/52)-&gt;</subfield>
  </datafield>
  <datafield tag="580" ind1=" " ind2=" ">
    <subfield code="a">A pour suppl.: Hikobia. Supplement</subfield>
  </datafield>
  <datafield tag="650" ind1=" " ind2="7">
    <subfield code="0">(RERO)A021007164</subfield>
    <subfield code="a">Botanique</subfield>
    <subfield code="2">rero</subfield>
  </datafield>
  <datafield tag="655" ind1=" " ind2="7">
    <subfield code="0">(RERO)A021002597</subfield>
    <subfield code="a">[Périodiques]</subfield>
    <subfield code="2">rero</subfield>
  </datafield>
  <datafield tag="710" ind1="2" ind2=" ">
    <subfield code="0">(RERO)A003373776</subfield>
    <subfield code="a">Hiroshima Botanical Club</subfield>
  </datafield>
  <datafield tag="770" ind1="1" ind2=" ">
    <subfield code="t">Hikobia : journal of the Hiroshima Botanical Club. Supplement</subfield>
  </datafield>
  <datafield tag="919" ind1=" " ind2=" ">
    <subfield code="9">650 _7</subfield>
    <subfield code="a">botanique</subfield>
    <subfield code="v">[périodique]</subfield>
    <subfield code="2">chrero</subfield>
  </datafield>
  <datafield tag="957" ind1=" " ind2=" ">
    <subfield code="a">gevcjb</subfield>
  </datafield>
  <datafield tag="982" ind1=" " ind2=" ">
    <subfield code="2">cdu-gevcjb</subfield>
    <subfield code="a">P(520)22</subfield>
  </datafield>
  <datafield tag="992" ind1=" " ind2=" ">
    <subfield code="a">BOTP 1032</subfield>
    <subfield code="x">ge/vcjb/e/1953</subfield>
  </datafield>
</record>