
<record>
  <leader>00544nas a2200193 a 4500</leader>
  <controlfield tag="001">REROILS:182</controlfield>
  <controlfield tag="005">20170518092400.0</controlfield>
  <controlfield tag="008">980327d19531968it |||m|| ||||0 || 0ita d</controlfield>
  <datafield tag="035" ind1=" " ind2=" ">
    <subfield code="a">R228004060</subfield>
  </datafield>
  <datafield tag="039" ind1=" " ind2=" ">
    <subfield code="b">0007</subfield>
  </datafield>
  <datafield tag="039" ind1=" " ind2="9">
    <subfield code="a">201705180924</subfield>
    <subfield code="b">VLOAD</subfield>
    <subfield code="c">200605280352</subfield>
    <subfield code="d">VLOAD</subfield>
    <subfield code="y">1999030121370000</subfield>
    <subfield code="z">load</subfield>
  </datafield>
  <datafield tag="040" ind1=" " ind2=" ">
    <subfield code="a">RERO frbcuc</subfield>
  </datafield>
  <datafield tag="130" ind1="0" ind2=" ">
    <subfield code="a">Tempi e figure.</subfield>
    <subfield code="f">1953-1968</subfield>
  </datafield>
  <datafield tag="245" ind1="1" ind2="0">
    <subfield code="a">Tempi e figure</subfield>
  </datafield>
  <datafield tag="264" ind1=" " ind2="1">
    <subfield code="a">Cinisello Balsamo (Milano) :</subfield>
    <subfield code="b">San Paolo,</subfield>
    <subfield code="c">1953-1968</subfield>
  </datafield>
  <datafield tag="300" ind1=" " ind2=" ">
    <subfield code="c">22 cm</subfield>
  </datafield>
  <datafield tag="336" ind1=" " ind2=" ">
    <subfield code="b">txt</subfield>
    <subfield code="2">rdacontent</subfield>
  </datafield>
  <datafield tag="337" ind1=" " ind2=" ">
    <subfield code="b">n</subfield>
    <subfield code="2">rdamedia</subfield>
  </datafield>
  <datafield tag="338" ind1=" " ind2=" ">
    <subfield code="b">nc</subfield>
    <subfield code="2">rdacarrier</subfield>
  </datafield>
</record>