
<record>
  <leader>01063naa a2200277 a 4500</leader>
  <controlfield tag="001">REROILS:183</controlfield>
  <controlfield tag="005">20170522155400.0</controlfield>
  <controlfield tag="008">971022 1959    sz ||| |  ||||00|  |ger d</controlfield>
  <datafield tag="019" ind1=" " ind2=" ">
    <subfield code="a">Attention champ 933 issu de la migration d&apos;Alexandria à conserver temporairement</subfield>
    <subfield code="9">iftfla/12.2009</subfield>
    <subfield code="5">alexrero</subfield>
  </datafield>
  <datafield tag="019" ind1=" " ind2=" ">
    <subfield code="a">Notice issue de la migration Alexandria</subfield>
    <subfield code="9">iftfla/12.2009</subfield>
  </datafield>
  <datafield tag="035" ind1=" " ind2=" ">
    <subfield code="a">bv00226630</subfield>
  </datafield>
  <datafield tag="039" ind1=" " ind2="9">
    <subfield code="a">201705221554</subfield>
    <subfield code="b">VLOAD</subfield>
    <subfield code="c">201002121522</subfield>
    <subfield code="d">VLOAD</subfield>
    <subfield code="c">201001052144</subfield>
    <subfield code="d">VLOAD</subfield>
    <subfield code="y">200912102318</subfield>
    <subfield code="z">VLOAD</subfield>
  </datafield>
  <datafield tag="040" ind1=" " ind2=" ">
    <subfield code="a">RERO ifofj-</subfield>
  </datafield>
  <datafield tag="072" ind1=" " ind2="7">
    <subfield code="a">s1dr</subfield>
    <subfield code="2">rero</subfield>
  </datafield>
  <datafield tag="100" ind1="1" ind2=" ">
    <subfield code="0">(RERO)A003973310</subfield>
    <subfield code="a">Wiebringhaus, Hans</subfield>
    <subfield code="4">cre</subfield>
  </datafield>
  <datafield tag="245" ind1="1" ind2="4">
    <subfield code="a">Ein internationaler Gerichtshof zum Schutze der Menschenrechte /</subfield>
    <subfield code="c">Hans Wiebringhaus</subfield>
  </datafield>
  <datafield tag="264" ind1=" " ind2="1">
    <subfield code="a">Basel :</subfield>
    <subfield code="b">Verlag für Recht und Gesellschaft,</subfield>
    <subfield code="c">1959</subfield>
  </datafield>
  <datafield tag="300" ind1=" " ind2=" ">
    <subfield code="a">25 S. ;</subfield>
    <subfield code="c">21 cm</subfield>
  </datafield>
  <datafield tag="336" ind1=" " ind2=" ">
    <subfield code="b">txt</subfield>
    <subfield code="2">rdacontent</subfield>
  </datafield>
  <datafield tag="337" ind1=" " ind2=" ">
    <subfield code="b">n</subfield>
    <subfield code="2">rdamedia</subfield>
  </datafield>
  <datafield tag="338" ind1=" " ind2=" ">
    <subfield code="b">nc</subfield>
    <subfield code="2">rdacarrier</subfield>
  </datafield>
  <datafield tag="580" ind1=" " ind2=" ">
    <subfield code="a">In: Aspects on human rights</subfield>
  </datafield>
  <datafield tag="773" ind1="1" ind2=" ">
    <subfield code="t">Aspects on human rights</subfield>
    <subfield code="9">CHECKED</subfield>
  </datafield>
  <datafield tag="933" ind1=" " ind2=" ">
    <subfield code="s">Aspects on human rights</subfield>
    <subfield code="5">alexrero</subfield>
  </datafield>
  <datafield tag="953" ind1=" " ind2=" ">
    <subfield code="a">ifofj-</subfield>
  </datafield>
  <datafield tag="983" ind1=" " ind2=" ">
    <subfield code="2">ifofj-</subfield>
    <subfield code="a">D 18 h WIEB 1959</subfield>
  </datafield>
</record>