
<record>
  <leader>01055ncm a2200325 a 4500</leader>
  <controlfield tag="001">REROILS:185</controlfield>
  <controlfield tag="005">20180701211900.0</controlfield>
  <controlfield tag="008">970923s1997    sz |||||| ||||  |  |und d</controlfield>
  <datafield tag="028" ind1="3" ind2="2">
    <subfield code="a">WBM-004</subfield>
  </datafield>
  <datafield tag="028" ind1="2" ind2="2">
    <subfield code="a">JFB 04-97</subfield>
  </datafield>
  <datafield tag="035" ind1=" " ind2=" ">
    <subfield code="a">R219133160</subfield>
  </datafield>
  <datafield tag="039" ind1=" " ind2=" ">
    <subfield code="b">0021</subfield>
  </datafield>
  <datafield tag="039" ind1=" " ind2="9">
    <subfield code="a">201807012119</subfield>
    <subfield code="b">VLOAD</subfield>
    <subfield code="c">201803071133</subfield>
    <subfield code="d">AUTHORITY</subfield>
    <subfield code="c">201707060130</subfield>
    <subfield code="d">VLOAD</subfield>
    <subfield code="c">201705181025</subfield>
    <subfield code="d">VLOAD</subfield>
    <subfield code="y">1999030119180000</subfield>
    <subfield code="z">load</subfield>
  </datafield>
  <datafield tag="040" ind1=" " ind2=" ">
    <subfield code="a">RERO frbcuc</subfield>
  </datafield>
  <datafield tag="044" ind1=" " ind2=" ">
    <subfield code="a">sz</subfield>
    <subfield code="c">ch-fr</subfield>
  </datafield>
  <datafield tag="072" ind1=" " ind2="7">
    <subfield code="a">s1mu</subfield>
    <subfield code="2">rero</subfield>
  </datafield>
  <datafield tag="245" ind1="0" ind2="0">
    <subfield code="a">Go down Moses :</subfield>
    <subfield code="b">spiritual : for wind band /</subfield>
    <subfield code="c">Jean-François Michel</subfield>
  </datafield>
  <datafield tag="264" ind1=" " ind2="1">
    <subfield code="a">Praroman :</subfield>
    <subfield code="b">WoodBrass Music,</subfield>
    <subfield code="c">[1997]</subfield>
  </datafield>
  <datafield tag="264" ind1=" " ind2="4">
    <subfield code="c">© 1997</subfield>
  </datafield>
  <datafield tag="300" ind1=" " ind2=" ">
    <subfield code="a">1 partition (13 p.) ;</subfield>
    <subfield code="c">30 cm +</subfield>
    <subfield code="e">1 matériel d&apos;orchestre</subfield>
  </datafield>
  <datafield tag="336" ind1=" " ind2=" ">
    <subfield code="b">ntm</subfield>
    <subfield code="2">rdacontent</subfield>
  </datafield>
  <datafield tag="337" ind1=" " ind2=" ">
    <subfield code="b">n</subfield>
    <subfield code="2">rdamedia</subfield>
  </datafield>
  <datafield tag="338" ind1=" " ind2=" ">
    <subfield code="b">nc</subfield>
    <subfield code="2">rdacarrier</subfield>
  </datafield>
  <datafield tag="700" ind1="1" ind2=" ">
    <subfield code="0">(RERO)A012331120</subfield>
    <subfield code="a">Michel, Jean-François,</subfield>
    <subfield code="d">1957-</subfield>
  </datafield>
  <datafield tag="730" ind1="0" ind2=" ">
    <subfield code="a">Go down Moses.</subfield>
    <subfield code="m">Orchestre à cordes</subfield>
  </datafield>
  <datafield tag="901" ind1=" " ind2=" ">
    <subfield code="a">bfr1997</subfield>
  </datafield>
  <datafield tag="901" ind1=" " ind2=" ">
    <subfield code="a">bfrc2</subfield>
  </datafield>
  <datafield tag="901" ind1=" " ind2=" ">
    <subfield code="a">frautfr</subfield>
  </datafield>
  <datafield tag="956" ind1=" " ind2=" ">
    <subfield code="a">frbcuc</subfield>
  </datafield>
  <datafield tag="981" ind1=" " ind2=" ">
    <subfield code="0">(RERO)0A000215125</subfield>
    <subfield code="2">BF</subfield>
    <subfield code="a">7.90.94.Michel, Jean-François (partitions)</subfield>
  </datafield>
</record>