
<record>
  <leader>01381nam a2200373 a 4500</leader>
  <controlfield tag="001">REROILS:187</controlfield>
  <controlfield tag="005">20190215112900.0</controlfield>
  <controlfield tag="008">870331s1986    pl |||||| ||||00|| |pol d</controlfield>
  <datafield tag="020" ind1=" " ind2=" ">
    <subfield code="a">9788301069919</subfield>
  </datafield>
  <datafield tag="035" ind1=" " ind2=" ">
    <subfield code="a">0827106</subfield>
  </datafield>
  <datafield tag="039" ind1=" " ind2="9">
    <subfield code="a">201902151129</subfield>
    <subfield code="b">VLOAD</subfield>
    <subfield code="c">201708141526</subfield>
    <subfield code="d">8705</subfield>
    <subfield code="c">201705161038</subfield>
    <subfield code="d">VLOAD</subfield>
    <subfield code="c">200912291503</subfield>
    <subfield code="d">VLOAD</subfield>
    <subfield code="y">1999022805170000</subfield>
    <subfield code="z">load</subfield>
  </datafield>
  <datafield tag="040" ind1=" " ind2=" ">
    <subfield code="a">RERO laisdc</subfield>
    <subfield code="d">OCoLC</subfield>
    <subfield code="d">RERO ifisdc</subfield>
  </datafield>
  <datafield tag="050" ind1="0" ind2=" ">
    <subfield code="a">KKP1902</subfield>
    <subfield code="b">.K67 1986</subfield>
  </datafield>
  <datafield tag="072" ind1=" " ind2="7">
    <subfield code="a">s1dr</subfield>
    <subfield code="2">rero</subfield>
  </datafield>
  <datafield tag="100" ind1="1" ind2=" ">
    <subfield code="0">(RERO)A003469203</subfield>
    <subfield code="a">Korzan, Kazimierz</subfield>
    <subfield code="4">cre</subfield>
  </datafield>
  <datafield tag="245" ind1="1" ind2="0">
    <subfield code="a">Sądowe postępowanie zabezpieczające i egzekucyjne w sprawach cywilnych /</subfield>
    <subfield code="c">Kazimierz Korzan</subfield>
  </datafield>
  <datafield tag="264" ind1=" " ind2="1">
    <subfield code="a">Warszawa :</subfield>
    <subfield code="b">Państwowe Wydawnictwo Naukowe,</subfield>
    <subfield code="c">1986</subfield>
  </datafield>
  <datafield tag="300" ind1=" " ind2=" ">
    <subfield code="a">345 p. ;</subfield>
    <subfield code="c">24 cm</subfield>
  </datafield>
  <datafield tag="336" ind1=" " ind2=" ">
    <subfield code="b">txt</subfield>
    <subfield code="2">rdacontent</subfield>
  </datafield>
  <datafield tag="337" ind1=" " ind2=" ">
    <subfield code="b">n</subfield>
    <subfield code="2">rdamedia</subfield>
  </datafield>
  <datafield tag="338" ind1=" " ind2=" ">
    <subfield code="b">nc</subfield>
    <subfield code="2">rdacarrier</subfield>
  </datafield>
  <datafield tag="504" ind1=" " ind2=" ">
    <subfield code="a">Includes bibliographical references and index</subfield>
  </datafield>
  <datafield tag="650" ind1=" " ind2="0">
    <subfield code="a">Civil procedure</subfield>
    <subfield code="z">Poland</subfield>
  </datafield>
  <datafield tag="650" ind1=" " ind2="0">
    <subfield code="a">Debtor and creditor</subfield>
    <subfield code="z">Poland</subfield>
  </datafield>
  <datafield tag="650" ind1=" " ind2="0">
    <subfield code="a">Executions (Law)</subfield>
    <subfield code="z">Poland</subfield>
  </datafield>
  <datafield tag="900" ind1=" " ind2="1">
    <subfield code="a">OCoLC</subfield>
    <subfield code="b">20170814</subfield>
    <subfield code="c">Droits réservés</subfield>
  </datafield>
  <datafield tag="919" ind1=" " ind2="7">
    <subfield code="a">Civil procedure</subfield>
    <subfield code="2">fast</subfield>
    <subfield code="0">(OCoLC)fst00862585</subfield>
  </datafield>
  <datafield tag="919" ind1=" " ind2="7">
    <subfield code="a">Debtor and creditor</subfield>
    <subfield code="2">fast</subfield>
    <subfield code="0">(OCoLC)fst00888809</subfield>
  </datafield>
  <datafield tag="919" ind1=" " ind2="7">
    <subfield code="a">Executions (Law)</subfield>
    <subfield code="2">fast</subfield>
    <subfield code="0">(OCoLC)fst00917762</subfield>
  </datafield>
  <datafield tag="919" ind1=" " ind2="7">
    <subfield code="a">Poland</subfield>
    <subfield code="2">fast</subfield>
    <subfield code="0">(OCoLC)fst01206891</subfield>
  </datafield>
  <datafield tag="930" ind1=" " ind2=" ">
    <subfield code="a">(OCoLC) ocm19130516</subfield>
  </datafield>
  <datafield tag="953" ind1=" " ind2=" ">
    <subfield code="a">ifisdc</subfield>
  </datafield>
  <datafield tag="980" ind1=" " ind2=" ">
    <subfield code="2">dr-sys</subfield>
    <subfield code="a">CA/PL 97.3 g</subfield>
  </datafield>
  <datafield tag="983" ind1=" " ind2=" ">
    <subfield code="2">isdc</subfield>
    <subfield code="a">CA/PL 97.3 g KORZ 1986</subfield>
  </datafield>
</record>