
<record>
  <leader>02303nas a2200445 a 4500</leader>
  <controlfield tag="001">REROILS:28</controlfield>
  <controlfield tag="005">20190705121500.0</controlfield>
  <controlfield tag="008">971016c19919999sz |||p|  ||||0 |  |ger d</controlfield>
  <datafield tag="019" ind1=" " ind2=" ">
    <subfield code="a">Notice issue de la migration Alexandria</subfield>
    <subfield code="9">iftfla/12.2009</subfield>
  </datafield>
  <datafield tag="035" ind1=" " ind2=" ">
    <subfield code="a">bv00595851</subfield>
  </datafield>
  <datafield tag="039" ind1=" " ind2="9">
    <subfield code="a">201907051215</subfield>
    <subfield code="b">VLOAD</subfield>
    <subfield code="c">201705221343</subfield>
    <subfield code="d">VLOAD</subfield>
    <subfield code="c">201503151207</subfield>
    <subfield code="d">VLOAD</subfield>
    <subfield code="c">201207231725</subfield>
    <subfield code="d">5017</subfield>
    <subfield code="y">200912102219</subfield>
    <subfield code="z">VLOAD</subfield>
  </datafield>
  <datafield tag="040" ind1=" " ind2=" ">
    <subfield code="a">EPZB</subfield>
    <subfield code="d">TFL</subfield>
  </datafield>
  <datafield tag="041" ind1="0" ind2=" ">
    <subfield code="a">fre</subfield>
    <subfield code="a">ger</subfield>
  </datafield>
  <datafield tag="072" ind1=" " ind2="7">
    <subfield code="a">s1dr</subfield>
    <subfield code="2">rero</subfield>
  </datafield>
  <datafield tag="245" ind1="0" ind2="0">
    <subfield code="a">Nationalratswahlen.</subfield>
    <subfield code="p">Der Wandel der Parteienlandschaft seit 1971 /</subfield>
    <subfield code="c">Bundesamt für Statistik = Les élections au Conseil national. L&apos;évolution du paysage politique depuis 1971 / Office fédéral de la statistique</subfield>
  </datafield>
  <datafield tag="246" ind1="3" ind2=" ">
    <subfield code="a">Elections au Conseil national.</subfield>
    <subfield code="p">L&apos;évolution du paysage politique depuis 1971</subfield>
  </datafield>
  <datafield tag="264" ind1=" " ind2="1">
    <subfield code="a">Bern ;</subfield>
    <subfield code="a">[dann] Neuchâtel :</subfield>
    <subfield code="b">Bundesamt für Statistik (BFS),</subfield>
    <subfield code="c">1991-</subfield>
  </datafield>
  <datafield tag="300" ind1=" " ind2=" ">
    <subfield code="c">30 cm</subfield>
  </datafield>
  <datafield tag="310" ind1=" " ind2=" ">
    <subfield code="a">Alle 4 Jahre</subfield>
  </datafield>
  <datafield tag="336" ind1=" " ind2=" ">
    <subfield code="b">txt</subfield>
    <subfield code="2">rdacontent</subfield>
  </datafield>
  <datafield tag="337" ind1=" " ind2=" ">
    <subfield code="b">n</subfield>
    <subfield code="2">rdamedia</subfield>
  </datafield>
  <datafield tag="338" ind1=" " ind2=" ">
    <subfield code="b">nc</subfield>
    <subfield code="2">rdacarrier</subfield>
  </datafield>
  <datafield tag="362" ind1="0" ind2=" ">
    <subfield code="a">1991(1991)-</subfield>
  </datafield>
  <datafield tag="500" ind1=" " ind2=" ">
    <subfield code="a">Erscheint 1991 in der Reihe: Amtliche Statistik der Schweiz. 17, Politik. Statistische Berichte = Statistique officielle de la Suisse. 17, Politique. Etudes statistiques, dann ab 1995 in: Statistik der Schweiz. 17, Politik = Statistique de la Suisse. 17, Politique</subfield>
  </datafield>
  <datafield tag="530" ind1=" " ind2=" ">
    <subfield code="a">Existe aussi en version électronique</subfield>
  </datafield>
  <datafield tag="650" ind1=" " ind2="7">
    <subfield code="0">jurivoc000015672ger</subfield>
    <subfield code="a">Nationalrat</subfield>
    <subfield code="2">jurivoc</subfield>
    <subfield code="9">ger</subfield>
  </datafield>
  <datafield tag="650" ind1=" " ind2="7">
    <subfield code="0">jurivoc000026014ger</subfield>
    <subfield code="a">Wahl(politische Rechte)</subfield>
    <subfield code="2">jurivoc</subfield>
    <subfield code="9">ger</subfield>
  </datafield>
  <datafield tag="650" ind1=" " ind2="7">
    <subfield code="0">jurivoc000021291ger</subfield>
    <subfield code="a">Statistik</subfield>
    <subfield code="2">jurivoc</subfield>
    <subfield code="9">ger</subfield>
  </datafield>
  <datafield tag="651" ind1=" " ind2="7">
    <subfield code="0">jurivoc000019912ger</subfield>
    <subfield code="a">Schweiz</subfield>
    <subfield code="2">jurivoc</subfield>
    <subfield code="9">ger</subfield>
  </datafield>
  <datafield tag="655" ind1=" " ind2="7">
    <subfield code="0">jurivoc000017014ger</subfield>
    <subfield code="a">Periodikum</subfield>
    <subfield code="2">jurivoc</subfield>
    <subfield code="9">ger</subfield>
  </datafield>
  <datafield tag="710" ind1="1" ind2=" ">
    <subfield code="0">(RERO)A000157791</subfield>
    <subfield code="a">Suisse.</subfield>
    <subfield code="b">Office fédéral de la statistique</subfield>
  </datafield>
  <datafield tag="776" ind1="1" ind2=" ">
    <subfield code="t">Nationalratswahlen. Der Wandel der Parteienlandschaft seit 197</subfield>
    <subfield code="h">[Ressource électronique]</subfield>
  </datafield>
  <datafield tag="830" ind1=" " ind2="0">
    <subfield code="a">Amtliche Statistik der Schweiz.</subfield>
    <subfield code="n">17,</subfield>
    <subfield code="p">Politik.</subfield>
    <subfield code="p">Statistische Berichte</subfield>
  </datafield>
  <datafield tag="830" ind1=" " ind2="0">
    <subfield code="a">Statistik der Schweiz.</subfield>
    <subfield code="n">17,</subfield>
    <subfield code="p">Politik</subfield>
    <subfield code="w">REROILS:29</subfield>
  </datafield>
  <datafield tag="830" ind1=" " ind2="0">
    <subfield code="a">Statistique de la Suisse.</subfield>
    <subfield code="n">17,</subfield>
    <subfield code="p">Politique</subfield>
  </datafield>
  <datafield tag="830" ind1=" " ind2="0">
    <subfield code="a">Statistique officielle de la Suisse.</subfield>
    <subfield code="n">17,</subfield>
    <subfield code="p">Politique.</subfield>
    <subfield code="p">Etudes statistiques</subfield>
  </datafield>
  <datafield tag="953" ind1=" " ind2=" ">
    <subfield code="a">ifofj-</subfield>
  </datafield>
  <datafield tag="983" ind1=" " ind2=" ">
    <subfield code="2">ifofj-</subfield>
    <subfield code="a">CA/CH 32.1 c NATI 1999</subfield>
  </datafield>
  <datafield tag="983" ind1=" " ind2=" ">
    <subfield code="2">ifofj-</subfield>
    <subfield code="a">CA/CH 32.1 c NATI 2003</subfield>
  </datafield>
  <datafield tag="983" ind1=" " ind2=" ">
    <subfield code="2">ifofj-</subfield>
    <subfield code="a">CA/CH 32.1 c NATI</subfield>
  </datafield>
</record>