
<record>
  <leader>01834nas a22003977a 4500</leader>
  <controlfield tag="001">REROILS:16</controlfield>
  <controlfield tag="005">20180419152200.0</controlfield>
  <controlfield tag="008">000929         xx |||m|| ||||0 || 0und d</controlfield>
  <datafield tag="019" ind1=" " ind2=" ">
    <subfield code="a">Attention: ancienne XAC convertie par programme; l&apos;accès aux volumes de la collection n&apos;est peut-être pas exhaustif</subfield>
    <subfield code="9">?</subfield>
  </datafield>
  <datafield tag="019" ind1=" " ind2=" ">
    <subfield code="a">!!! ATTENTION. CETTE COLLECTION N&apos;A PAS DE SOUS-SERIES. Les indications se trouvant au dos du livre à côté de UTB (ex.: Betriebswirtschaft, Philosophie, etc.) déterminent les domaines d&apos;application de l&apos;ouvrage et par conséquent ne doivent pas être mentionnées en 490 et en 830 !!!</subfield>
    <subfield code="9">01.05.1991/frbcuc/mm</subfield>
  </datafield>
  <datafield tag="019" ind1=" " ind2=" ">
    <subfield code="a">Pas de Kardex BFD</subfield>
    <subfield code="9">CG/1985</subfield>
  </datafield>
  <datafield tag="035" ind1=" " ind2=" ">
    <subfield code="a">0338358</subfield>
  </datafield>
  <datafield tag="039" ind1=" " ind2="9">
    <subfield code="a">201804191522</subfield>
    <subfield code="b">VLOAD</subfield>
    <subfield code="c">201705160805</subfield>
    <subfield code="d">VLOAD</subfield>
    <subfield code="c">201705091147</subfield>
    <subfield code="d">0022</subfield>
    <subfield code="c">201705091146</subfield>
    <subfield code="d">0022</subfield>
    <subfield code="y">1999022718030000</subfield>
    <subfield code="z">load</subfield>
  </datafield>
  <datafield tag="040" ind1=" " ind2=" ">
    <subfield code="a">RERO</subfield>
  </datafield>
  <datafield tag="245" ind1="0" ind2="0">
    <subfield code="a">UTB für Wissenschaft :</subfield>
    <subfield code="b">Uni-Taschenbücher</subfield>
  </datafield>
  <datafield tag="246" ind1="3" ind2=" ">
    <subfield code="a">UTB</subfield>
  </datafield>
  <datafield tag="246" ind1="3" ind2=" ">
    <subfield code="a">Uni-Taschenbücher</subfield>
  </datafield>
  <datafield tag="246" ind1="3" ind2=" ">
    <subfield code="a">UTB Mittlere Reihe</subfield>
  </datafield>
  <datafield tag="246" ind1="3" ind2=" ">
    <subfield code="a">UTB basics</subfield>
  </datafield>
  <datafield tag="246" ind1="3" ind2=" ">
    <subfield code="a">UTB Profile</subfield>
  </datafield>
  <datafield tag="246" ind1="3" ind2=" ">
    <subfield code="a">UTB Rechtswissenschaft</subfield>
  </datafield>
  <datafield tag="246" ind1="3" ind2=" ">
    <subfield code="a">UTB Erziehungswissenschaften</subfield>
  </datafield>
  <datafield tag="246" ind1="3" ind2=" ">
    <subfield code="a">UTB Sonderpädagogik</subfield>
  </datafield>
  <datafield tag="246" ind1="3" ind2=" ">
    <subfield code="a">UTB Theologie</subfield>
  </datafield>
  <datafield tag="246" ind1="3" ind2=" ">
    <subfield code="a">utb. Rechtswissenschaften</subfield>
  </datafield>
  <datafield tag="246" ind1="3" ind2=" ">
    <subfield code="a">utb. Geschichte</subfield>
  </datafield>
  <datafield tag="264" ind1=" " ind2="1">
    <subfield code="a">Stuttgart :</subfield>
    <subfield code="b">E. Ulmer ;</subfield>
    <subfield code="a">Göttingen :</subfield>
    <subfield code="b">Vandenhoeck &amp; Ruprecht [etc.]</subfield>
  </datafield>
  <datafield tag="336" ind1=" " ind2=" ">
    <subfield code="b">txt</subfield>
    <subfield code="2">rdacontent</subfield>
  </datafield>
  <datafield tag="337" ind1=" " ind2=" ">
    <subfield code="b">n</subfield>
    <subfield code="2">rdamedia</subfield>
  </datafield>
  <datafield tag="338" ind1=" " ind2=" ">
    <subfield code="b">nc</subfield>
    <subfield code="2">rdacarrier</subfield>
  </datafield>
  <datafield tag="500" ind1=" " ind2=" ">
    <subfield code="a">Porte aussi les titres: UTB ; UTB Mittlere Reihe, UTB basics, UTB Profile, Uni-Taschenbücher, UTB Rechtswissenschaft, UTB Theologie, UTB Erziehungswissenschaften, UTB Sonderpädagogik</subfield>
  </datafield>
  <datafield tag="500" ind1=" " ind2=" ">
    <subfield code="a">Dans cette collection, les séries ne sont pas cataloguées séparément, sauf UTB Grosse Reihe</subfield>
  </datafield>
  <datafield tag="953" ind1=" " ind2=" ">
    <subfield code="a">iftfla iftflu</subfield>
  </datafield>
  <datafield tag="973" ind1=" " ind2=" ">
    <subfield code="a">vsbcvs</subfield>
  </datafield>
  <datafield tag="983" ind1=" " ind2=" ">
    <subfield code="2">iftfla</subfield>
    <subfield code="a">TFLa</subfield>
  </datafield>
  <datafield tag="983" ind1=" " ind2=" ">
    <subfield code="2">iftflu</subfield>
    <subfield code="a">TFLu</subfield>
  </datafield>
</record>