
<record>
  <leader>01653naa a2200397 a 4500</leader>
  <controlfield tag="001">REROILS:1</controlfield>
  <controlfield tag="005">20190215164800.0</controlfield>
  <controlfield tag="008">170116s2016    gw |||||| ||||00| ||ger d</controlfield>
  <datafield tag="035" ind1=" " ind2=" ">
    <subfield code="a">R008583522</subfield>
  </datafield>
  <datafield tag="039" ind1=" " ind2="7">
    <subfield code="b">0191</subfield>
  </datafield>
  <datafield tag="039" ind1=" " ind2="9">
    <subfield code="a">201902151648</subfield>
    <subfield code="b">VLOAD</subfield>
    <subfield code="c">201705201502</subfield>
    <subfield code="d">VLOAD</subfield>
    <subfield code="c">201701241133</subfield>
    <subfield code="d">0191</subfield>
    <subfield code="c">201701161620</subfield>
    <subfield code="d">0158</subfield>
    <subfield code="y">201701160845</subfield>
    <subfield code="z">0158</subfield>
  </datafield>
  <datafield tag="040" ind1=" " ind2=" ">
    <subfield code="a">SzZuIDS NEBIS SOZARCH</subfield>
    <subfield code="b">ger</subfield>
    <subfield code="e">rda</subfield>
    <subfield code="d">RERO frbcuc</subfield>
  </datafield>
  <datafield tag="072" ind1=" " ind2="7">
    <subfield code="a">s1pe</subfield>
    <subfield code="2">rero</subfield>
  </datafield>
  <datafield tag="072" ind1=" " ind2="7">
    <subfield code="a">s2so</subfield>
    <subfield code="2">rero</subfield>
  </datafield>
  <datafield tag="245" ind1="0" ind2="0">
    <subfield code="a">Pädagogik des Sozialen - ein Schritt zu Demokratie als Lebensform /</subfield>
    <subfield code="c">Herausgegeben vom Widersprüche e.V. ; Redaktion.: Manfred Kappeler ... [und viele weitere]</subfield>
  </datafield>
  <datafield tag="264" ind1="3" ind2="1">
    <subfield code="a">Münster :</subfield>
    <subfield code="b">Westfälisches Dampfboot,</subfield>
    <subfield code="c">[2016]</subfield>
  </datafield>
  <datafield tag="300" ind1=" " ind2=" ">
    <subfield code="a">148 Seiten :</subfield>
    <subfield code="b">Illustrationen</subfield>
  </datafield>
  <datafield tag="336" ind1=" " ind2=" ">
    <subfield code="b">txt</subfield>
    <subfield code="2">rdacontent</subfield>
  </datafield>
  <datafield tag="337" ind1=" " ind2=" ">
    <subfield code="b">n</subfield>
    <subfield code="2">rdamedia</subfield>
  </datafield>
  <datafield tag="338" ind1=" " ind2=" ">
    <subfield code="b">nc</subfield>
    <subfield code="2">rdacarrier</subfield>
  </datafield>
  <datafield tag="490" ind1="1" ind2=" ">
    <subfield code="a">Widersprüche</subfield>
    <subfield code="v">142</subfield>
  </datafield>
  <datafield tag="650" ind1=" " ind2="7">
    <subfield code="0">(RERO)A021002577</subfield>
    <subfield code="a">Pédagogie</subfield>
    <subfield code="2">rero</subfield>
  </datafield>
  <datafield tag="650" ind1=" " ind2="7">
    <subfield code="0">(RERO)A021007034</subfield>
    <subfield code="a">Relations humaines</subfield>
    <subfield code="2">rero</subfield>
  </datafield>
  <datafield tag="650" ind1=" " ind2="7">
    <subfield code="0">(RERO)A021067527</subfield>
    <subfield code="a">Sociologie</subfield>
    <subfield code="2">rero</subfield>
  </datafield>
  <datafield tag="650" ind1=" " ind2="7">
    <subfield code="0">(RERO)A021031713</subfield>
    <subfield code="a">Citoyenneté</subfield>
    <subfield code="2">rero</subfield>
  </datafield>
  <datafield tag="650" ind1=" " ind2="7">
    <subfield code="0">(RERO)A021065315</subfield>
    <subfield code="a">Démocratie</subfield>
    <subfield code="2">rero</subfield>
  </datafield>
  <datafield tag="655" ind1=" " ind2="7">
    <subfield code="0">(RERO)A022249905</subfield>
    <subfield code="a">[Études diverses]</subfield>
    <subfield code="2">rero</subfield>
  </datafield>
  <datafield tag="700" ind1="1" ind2=" ">
    <subfield code="0">(RERO)A023086896</subfield>
    <subfield code="a">Kappeler, Manfred,</subfield>
    <subfield code="d">1940-</subfield>
  </datafield>
  <datafield tag="830" ind1=" " ind2="0">
    <subfield code="a">Widersprüche : Zeitschrift für sozialistische Politik im Bildungs-, Gesundheits- und Sozialbereich</subfield>
    <subfield code="v">142</subfield>
    <subfield code="w">REROILS:2</subfield>
  </datafield>
  <datafield tag="900" ind1=" " ind2="1">
    <subfield code="a">NEBIS</subfield>
    <subfield code="b">20170116</subfield>
    <subfield code="c">Droits réservés</subfield>
  </datafield>
  <datafield tag="901" ind1=" " ind2=" ">
    <subfield code="a">LAR PSPEPED</subfield>
    <subfield code="b">2017/01</subfield>
    <subfield code="c">cdd370</subfield>
    <subfield code="c">cdd301</subfield>
  </datafield>
  <datafield tag="919" ind1=" " ind2="7">
    <subfield code="a">Aufsatzsammlung</subfield>
    <subfield code="2">gnd-content</subfield>
  </datafield>
  <datafield tag="919" ind1=" " ind2="7">
    <subfield code="a">Sozialpädagogik</subfield>
    <subfield code="0">(DE-588)4055864-2</subfield>
    <subfield code="2">gnd</subfield>
  </datafield>
  <datafield tag="919" ind1=" " ind2="7">
    <subfield code="a">Soziologie</subfield>
    <subfield code="0">(DE-588)4077624-4</subfield>
    <subfield code="2">gnd</subfield>
  </datafield>
  <datafield tag="930" ind1=" " ind2=" ">
    <subfield code="a">(NEBIS) 010809267</subfield>
  </datafield>
  <datafield tag="956" ind1=" " ind2=" ">
    <subfield code="a">frbcuc</subfield>
  </datafield>
</record>