
<record>
  <leader>01143nam a2200349 a 4500</leader>
  <controlfield tag="001">REROILS:190</controlfield>
  <controlfield tag="005">20180630124200.0</controlfield>
  <controlfield tag="008">010121s1971    sz |||||| ||||00|| |fre d</controlfield>
  <datafield tag="024" ind1="7" ind2=" ">
    <subfield code="a">http://catalogue.bnf.fr/ark:/12148/cb352819103</subfield>
    <subfield code="2">uri</subfield>
  </datafield>
  <datafield tag="035" ind1=" " ind2=" ">
    <subfield code="a">0000474</subfield>
  </datafield>
  <datafield tag="039" ind1=" " ind2=" ">
    <subfield code="b">8011c</subfield>
  </datafield>
  <datafield tag="039" ind1=" " ind2="9">
    <subfield code="a">201806301242</subfield>
    <subfield code="b">VLOAD</subfield>
    <subfield code="c">201804190640</subfield>
    <subfield code="d">VLOAD</subfield>
    <subfield code="c">201706101044</subfield>
    <subfield code="d">VLOAD</subfield>
    <subfield code="c">201605131520</subfield>
    <subfield code="d">VLOAD</subfield>
    <subfield code="y">1999022709490000</subfield>
    <subfield code="z">load</subfield>
  </datafield>
  <datafield tag="040" ind1=" " ind2=" ">
    <subfield code="a">RERO</subfield>
  </datafield>
  <datafield tag="044" ind1=" " ind2=" ">
    <subfield code="a">sz</subfield>
    <subfield code="c">ch-vd</subfield>
  </datafield>
  <datafield tag="072" ind1=" " ind2="7">
    <subfield code="a">s1ba</subfield>
    <subfield code="2">rero</subfield>
  </datafield>
  <datafield tag="100" ind1="1" ind2=" ">
    <subfield code="0">(RERO)A003482232</subfield>
    <subfield code="a">Kyriazi, Jean Melas</subfield>
    <subfield code="4">cre</subfield>
  </datafield>
  <datafield tag="245" ind1="1" ind2="0">
    <subfield code="a">Van Dongen et le fauvisme /</subfield>
    <subfield code="c">Jean Melas Kyriazi</subfield>
  </datafield>
  <datafield tag="264" ind1=" " ind2="1">
    <subfield code="a">Lausanne ;</subfield>
    <subfield code="a">Paris :</subfield>
    <subfield code="b">La Bibliothèque des arts,</subfield>
    <subfield code="c">[1971]</subfield>
  </datafield>
  <datafield tag="264" ind1=" " ind2="4">
    <subfield code="c">© 1971</subfield>
  </datafield>
  <datafield tag="300" ind1=" " ind2=" ">
    <subfield code="a">148 p. :</subfield>
    <subfield code="b">ill. ;</subfield>
    <subfield code="c">34 cm</subfield>
  </datafield>
  <datafield tag="336" ind1=" " ind2=" ">
    <subfield code="b">txt</subfield>
    <subfield code="2">rdacontent</subfield>
  </datafield>
  <datafield tag="337" ind1=" " ind2=" ">
    <subfield code="b">n</subfield>
    <subfield code="2">rdamedia</subfield>
  </datafield>
  <datafield tag="338" ind1=" " ind2=" ">
    <subfield code="b">nc</subfield>
    <subfield code="2">rdacarrier</subfield>
  </datafield>
  <datafield tag="600" ind1="1" ind2="7">
    <subfield code="0">(RERO)A010035563</subfield>
    <subfield code="a">Van Dongen, Kees</subfield>
    <subfield code="2">rero</subfield>
  </datafield>
  <datafield tag="650" ind1=" " ind2="7">
    <subfield code="0">(RERO)A021008152</subfield>
    <subfield code="a">Fauvisme</subfield>
    <subfield code="2">rero</subfield>
  </datafield>
  <datafield tag="919" ind1=" " ind2=" ">
    <subfield code="9">650 _7</subfield>
    <subfield code="a">fauvisme</subfield>
    <subfield code="x">Van Dongen, Kees</subfield>
    <subfield code="2">chrero</subfield>
  </datafield>
  <datafield tag="956" ind1=" " ind2=" ">
    <subfield code="a">frbcuc</subfield>
  </datafield>
  <datafield tag="957" ind1=" " ind2=" ">
    <subfield code="a">gevbaa</subfield>
  </datafield>
  <datafield tag="962" ind1=" " ind2=" ">
    <subfield code="a">nebpun</subfield>
  </datafield>
  <datafield tag="973" ind1=" " ind2=" ">
    <subfield code="a">vsbcvs</subfield>
  </datafield>
  <datafield tag="992" ind1=" " ind2=" ">
    <subfield code="a">BAA IC Q 1985/1</subfield>
    <subfield code="x">ge/vbaa/a/71/1371</subfield>
  </datafield>
  <datafield tag="994" ind1=" " ind2=" ">
    <subfield code="a">ZC 612</subfield>
    <subfield code="x">ne/bpuna1971/1774</subfield>
  </datafield>
</record>