
<record>
  <leader>00684nas a2200229 a 4500</leader>
  <controlfield tag="001">REROILS:192</controlfield>
  <controlfield tag="005">20190705131400.0</controlfield>
  <controlfield tag="008">160615c20149999fr |||p|  ||||0 |  0fre d</controlfield>
  <datafield tag="022" ind1=" " ind2=" ">
    <subfield code="a">2274-1925</subfield>
  </datafield>
  <datafield tag="035" ind1=" " ind2=" ">
    <subfield code="a">R008447499</subfield>
  </datafield>
  <datafield tag="039" ind1=" " ind2="9">
    <subfield code="a">201907051314</subfield>
    <subfield code="b">VLOAD</subfield>
    <subfield code="c">201707311009</subfield>
    <subfield code="d">1072</subfield>
    <subfield code="c">201705201452</subfield>
    <subfield code="d">VLOAD</subfield>
    <subfield code="c">201703101503</subfield>
    <subfield code="d">1537</subfield>
    <subfield code="y">201606150910</subfield>
    <subfield code="z">8475</subfield>
  </datafield>
  <datafield tag="040" ind1=" " ind2=" ">
    <subfield code="a">RERO vdgla-</subfield>
  </datafield>
  <datafield tag="072" ind1=" " ind2="7">
    <subfield code="a">s1ps</subfield>
    <subfield code="2">vsbcce</subfield>
  </datafield>
  <datafield tag="245" ind1="0" ind2="0">
    <subfield code="a">Happinez :</subfield>
    <subfield code="b">le premier mindstyle magazine</subfield>
  </datafield>
  <datafield tag="264" ind1=" " ind2="1">
    <subfield code="a">Paris :</subfield>
    <subfield code="b">Happinez/Oracom</subfield>
  </datafield>
  <datafield tag="310" ind1=" " ind2=" ">
    <subfield code="a">Bimestriel</subfield>
  </datafield>
  <datafield tag="336" ind1=" " ind2=" ">
    <subfield code="b">txt</subfield>
    <subfield code="2">rdacontent</subfield>
  </datafield>
  <datafield tag="337" ind1=" " ind2=" ">
    <subfield code="b">n</subfield>
    <subfield code="2">rdamedia</subfield>
  </datafield>
  <datafield tag="338" ind1=" " ind2=" ">
    <subfield code="b">nc</subfield>
    <subfield code="2">rdacarrier</subfield>
  </datafield>
  <datafield tag="362" ind1="0" ind2=" ">
    <subfield code="a">No 1(janvier-février 2014)-</subfield>
  </datafield>
  <datafield tag="973" ind1=" " ind2=" ">
    <subfield code="a">vstroi vsbcce</subfield>
  </datafield>
  <datafield tag="986" ind1=" " ind2=" ">
    <subfield code="2">cdu-vstroi</subfield>
    <subfield code="a">HAPP</subfield>
  </datafield>
</record>