
<record>
  <leader>01278nam a2200337 a 4500</leader>
  <controlfield tag="001">REROILS:194</controlfield>
  <controlfield tag="005">20181122175300.0</controlfield>
  <controlfield tag="008">900814s1990    sz ||| |  ||||00|| |eng d</controlfield>
  <datafield tag="035" ind1=" " ind2=" ">
    <subfield code="a">1276739</subfield>
  </datafield>
  <datafield tag="039" ind1=" " ind2="7">
    <subfield code="b">6209</subfield>
  </datafield>
  <datafield tag="039" ind1=" " ind2="9">
    <subfield code="a">201811221753</subfield>
    <subfield code="b">VLOAD</subfield>
    <subfield code="c">201808261054</subfield>
    <subfield code="d">VLOAD</subfield>
    <subfield code="c">201807021410</subfield>
    <subfield code="d">VLOAD</subfield>
    <subfield code="c">201711251139</subfield>
    <subfield code="d">VLOAD</subfield>
    <subfield code="y">1999022815490000</subfield>
    <subfield code="z">load</subfield>
  </datafield>
  <datafield tag="040" ind1=" " ind2=" ">
    <subfield code="a">RERO gecaeg</subfield>
  </datafield>
  <datafield tag="044" ind1=" " ind2=" ">
    <subfield code="a">sz</subfield>
    <subfield code="c">ch-ge</subfield>
  </datafield>
  <datafield tag="072" ind1=" " ind2="7">
    <subfield code="a">s1ba</subfield>
    <subfield code="2">rero</subfield>
  </datafield>
  <datafield tag="245" ind1="0" ind2="0">
    <subfield code="a">Highly important snuff boxes :</subfield>
    <subfield code="b">the property of the British Rail Pension Fund : Sotheby&apos;s, Geneva, 15 May 1990</subfield>
  </datafield>
  <datafield tag="264" ind1=" " ind2="1">
    <subfield code="a">Geneva :</subfield>
    <subfield code="b">Sotheby&apos;s,</subfield>
    <subfield code="c">1990</subfield>
  </datafield>
  <datafield tag="300" ind1=" " ind2=" ">
    <subfield code="a">99 p. :</subfield>
    <subfield code="b">ill. en noir et en coul. ;</subfield>
    <subfield code="c">28 cm</subfield>
  </datafield>
  <datafield tag="336" ind1=" " ind2=" ">
    <subfield code="b">txt</subfield>
    <subfield code="2">rdacontent</subfield>
  </datafield>
  <datafield tag="337" ind1=" " ind2=" ">
    <subfield code="b">n</subfield>
    <subfield code="2">rdamedia</subfield>
  </datafield>
  <datafield tag="338" ind1=" " ind2=" ">
    <subfield code="b">nc</subfield>
    <subfield code="2">rdacarrier</subfield>
  </datafield>
  <datafield tag="500" ind1=" " ind2=" ">
    <subfield code="a">Code de vente: &quot;ANCHISES&quot;</subfield>
  </datafield>
  <datafield tag="500" ind1=" " ind2=" ">
    <subfield code="a">Vente. Sotheby&apos;s (Genève ; 1990/05/15)</subfield>
  </datafield>
  <datafield tag="504" ind1=" " ind2=" ">
    <subfield code="a">Bibliogr.: p. 100-101</subfield>
  </datafield>
  <datafield tag="610" ind1="2" ind2="7">
    <subfield code="0">(RERO)A010057303</subfield>
    <subfield code="a">British Rail Pension Fund (Grande-Bretagne)</subfield>
    <subfield code="2">rero</subfield>
  </datafield>
  <datafield tag="650" ind1=" " ind2="7">
    <subfield code="0">(RERO)A021009722</subfield>
    <subfield code="a">Tabatières</subfield>
    <subfield code="2">rero</subfield>
  </datafield>
  <datafield tag="655" ind1=" " ind2="7">
    <subfield code="0">(RERO)A021034634</subfield>
    <subfield code="a">[Catalogues de vente]</subfield>
    <subfield code="2">rero</subfield>
  </datafield>
  <datafield tag="902" ind1=" " ind2=" ">
    <subfield code="a">gevbaa</subfield>
    <subfield code="b">2002/12</subfield>
    <subfield code="c">516</subfield>
  </datafield>
  <datafield tag="902" ind1=" " ind2=" ">
    <subfield code="a">gedoc</subfield>
  </datafield>
  <datafield tag="919" ind1=" " ind2=" ">
    <subfield code="9">650 _7</subfield>
    <subfield code="a">tabatière</subfield>
    <subfield code="x">British Rail Pension Fund (Grande-Bretagne)</subfield>
    <subfield code="v">[catalogue de vente]</subfield>
    <subfield code="2">chrero</subfield>
  </datafield>
  <datafield tag="957" ind1=" " ind2=" ">
    <subfield code="a">gecaeg gevbaa</subfield>
  </datafield>
  <datafield tag="992" ind1=" " ind2=" ">
    <subfield code="a">AEG B 720</subfield>
    <subfield code="x">ge/caeg/d/90/230</subfield>
  </datafield>
</record>