
<record>
  <leader>01336nas a2200289 a 4500</leader>
  <controlfield tag="001">REROILS:29</controlfield>
  <controlfield tag="005">20180710114500.0</controlfield>
  <controlfield tag="006">m    |</controlfield>
  <controlfield tag="007">c|</controlfield>
  <controlfield tag="008">120723cuuuu9999sz |||m|  ||||0 |  |ger d</controlfield>
  <datafield tag="035" ind1=" " ind2=" ">
    <subfield code="a">R007110062</subfield>
  </datafield>
  <datafield tag="039" ind1=" " ind2="9">
    <subfield code="a">201807101145</subfield>
    <subfield code="b">VLOAD</subfield>
    <subfield code="c">201705311834</subfield>
    <subfield code="d">VLOAD</subfield>
    <subfield code="c">201212101624</subfield>
    <subfield code="d">5051</subfield>
    <subfield code="y">201207231656</subfield>
    <subfield code="z">5017</subfield>
  </datafield>
  <datafield tag="040" ind1=" " ind2=" ">
    <subfield code="a">RERO iftfla</subfield>
  </datafield>
  <datafield tag="041" ind1="0" ind2=" ">
    <subfield code="a">fre</subfield>
    <subfield code="a">ger</subfield>
    <subfield code="a">ita</subfield>
  </datafield>
  <datafield tag="044" ind1=" " ind2=" ">
    <subfield code="a">sz</subfield>
    <subfield code="c">ch-ne</subfield>
  </datafield>
  <datafield tag="072" ind1=" " ind2="7">
    <subfield code="a">s1dr</subfield>
    <subfield code="2">rero</subfield>
  </datafield>
  <datafield tag="245" ind1="0" ind2="0">
    <subfield code="a">Statistik der Schweiz.</subfield>
    <subfield code="n">17,</subfield>
    <subfield code="p">Politik</subfield>
    <subfield code="h">[Ressource électronique] /</subfield>
    <subfield code="c">Hrsg.: Bundesamt für Statistik (BFS) = Statistique de la Suisse. 17, Politique / éd.: Office fédéral de la statistique (OFS) = Statistica della Svizzera. 17, Politica / ed.: Ufficio federale di statistica (UST) = Swiss statistics. 17, Politics / ed.: Swiss Federal Statistical Office</subfield>
  </datafield>
  <datafield tag="246" ind1="3" ind2=" ">
    <subfield code="a">Statistica della Svizzera.</subfield>
    <subfield code="n">17,</subfield>
    <subfield code="p">Politica</subfield>
    <subfield code="h">[Ressource électronique]</subfield>
  </datafield>
  <datafield tag="246" ind1="3" ind2=" ">
    <subfield code="a">Statistique de la Suisse.</subfield>
    <subfield code="n">17,</subfield>
    <subfield code="p">Politique</subfield>
    <subfield code="h">[Ressource électronique]</subfield>
  </datafield>
  <datafield tag="246" ind1="3" ind2=" ">
    <subfield code="a">Swiss statistics.</subfield>
    <subfield code="n">17,</subfield>
    <subfield code="p">Politics</subfield>
    <subfield code="h">[Ressource électronique]</subfield>
  </datafield>
  <datafield tag="264" ind1=" " ind2="1">
    <subfield code="a">Neuchâtel :</subfield>
    <subfield code="b">Bundesamt für Statistik</subfield>
  </datafield>
  <datafield tag="530" ind1=" " ind2=" ">
    <subfield code="a">Existe aussi sous forme papier</subfield>
  </datafield>
  <datafield tag="710" ind1="1" ind2=" ">
    <subfield code="0">(RERO)A000157791</subfield>
    <subfield code="a">Suisse.</subfield>
    <subfield code="b">Office fédéral de la statistique</subfield>
  </datafield>
  <datafield tag="776" ind1="1" ind2=" ">
    <subfield code="t">Statistik der Schweiz. 17, Politik</subfield>
  </datafield>
  <datafield tag="953" ind1=" " ind2=" ">
    <subfield code="a">iftfla iftflu</subfield>
  </datafield>
  <datafield tag="983" ind1=" " ind2=" ">
    <subfield code="2">iftfla</subfield>
    <subfield code="a">TFLa</subfield>
  </datafield>
  <datafield tag="983" ind1=" " ind2=" ">
    <subfield code="2">iftflu</subfield>
    <subfield code="a">TFLu</subfield>
  </datafield>
</record>