
<record>
  <leader>01071naa a22002417a 4500</leader>
  <controlfield tag="001">REROILS:42</controlfield>
  <controlfield tag="005">20170518134800.0</controlfield>
  <controlfield tag="008">980412s1991    xx ||| |  ||||00|  0ger d</controlfield>
  <datafield tag="035" ind1=" " ind2=" ">
    <subfield code="a">R003452127</subfield>
  </datafield>
  <datafield tag="039" ind1=" " ind2="9">
    <subfield code="a">201705181348</subfield>
    <subfield code="b">VLOAD</subfield>
    <subfield code="c">201605141142</subfield>
    <subfield code="d">VLOAD</subfield>
    <subfield code="c">201210191817</subfield>
    <subfield code="d">VLOAD</subfield>
    <subfield code="c">201112192234</subfield>
    <subfield code="d">VLOAD</subfield>
    <subfield code="y">200506232334</subfield>
    <subfield code="z">VLOAD</subfield>
  </datafield>
  <datafield tag="040" ind1=" " ind2=" ">
    <subfield code="a">RERO gewcc-</subfield>
  </datafield>
  <datafield tag="072" ind1=" " ind2="7">
    <subfield code="a">s1th</subfield>
    <subfield code="2">rero</subfield>
  </datafield>
  <datafield tag="245" ind1="0" ind2="0">
    <subfield code="a">Botschaft zum Halljahr /</subfield>
    <subfield code="c">Schweizerisches Ökumenisches Komitee für Gerechtigkeit, Frieden und die Bewahrung der Schöpfung</subfield>
  </datafield>
  <datafield tag="264" ind1=" " ind2="1">
    <subfield code="c">1991</subfield>
  </datafield>
  <datafield tag="336" ind1=" " ind2=" ">
    <subfield code="b">txt</subfield>
    <subfield code="2">rdacontent</subfield>
  </datafield>
  <datafield tag="337" ind1=" " ind2=" ">
    <subfield code="b">n</subfield>
    <subfield code="2">rdamedia</subfield>
  </datafield>
  <datafield tag="338" ind1=" " ind2=" ">
    <subfield code="b">nc</subfield>
    <subfield code="2">rdacarrier</subfield>
  </datafield>
  <datafield tag="580" ind1=" " ind2=" ">
    <subfield code="a">In: Ökumenische Rundschau ; Jg.40, H.2 (April 1991), p.208-209</subfield>
  </datafield>
  <datafield tag="710" ind1="2" ind2=" ">
    <subfield code="0">(RERO)A000038994</subfield>
    <subfield code="a">Comité oecuménique suisse pour la justice, la paix et la sauvegarde de la création</subfield>
  </datafield>
  <datafield tag="773" ind1="1" ind2=" ">
    <subfield code="t">Ökumenische Rundschau</subfield>
    <subfield code="g">Jg.40, H.2 (April 1991), p.208-209</subfield>
    <subfield code="w">REROILS:27</subfield>
  </datafield>
  <datafield tag="957" ind1=" " ind2=" ">
    <subfield code="a">gewcc-</subfield>
  </datafield>
  <datafield tag="982" ind1=" " ind2=" ">
    <subfield code="2">wccsh</subfield>
    <subfield code="a">Switzerland</subfield>
    <subfield code="d">Ecumenical movement</subfield>
  </datafield>
  <datafield tag="982" ind1=" " ind2=" ">
    <subfield code="0">(RERO)6A004391914</subfield>
    <subfield code="2">wccsh</subfield>
    <subfield code="a">World Council of Churches. Justice, Peace, and Integrity of Creation</subfield>
    <subfield code="e">[LCSH]</subfield>
  </datafield>
</record>