
<record>
  <leader>01633ncm a2200361 a 4500</leader>
  <controlfield tag="001">REROILS:197</controlfield>
  <controlfield tag="005">20180726115700.0</controlfield>
  <controlfield tag="008">961001m19712003gw |||||| ||||  |  |ger d</controlfield>
  <datafield tag="024" ind1="2" ind2=" ">
    <subfield code="a">M006546565 (kritischer Bericht, kartoniert)</subfield>
  </datafield>
  <datafield tag="028" ind1="3" ind2="2">
    <subfield code="a">BA 4561</subfield>
  </datafield>
  <datafield tag="035" ind1=" " ind2=" ">
    <subfield code="a">0209683</subfield>
  </datafield>
  <datafield tag="039" ind1=" " ind2="9">
    <subfield code="a">201807261157</subfield>
    <subfield code="b">VLOAD</subfield>
    <subfield code="c">201711281517</subfield>
    <subfield code="d">7481</subfield>
    <subfield code="c">201710241425</subfield>
    <subfield code="d">7481</subfield>
    <subfield code="c">201705151620</subfield>
    <subfield code="d">VLOAD</subfield>
    <subfield code="y">1999022715200000</subfield>
    <subfield code="z">load</subfield>
  </datafield>
  <datafield tag="040" ind1=" " ind2=" ">
    <subfield code="a">RERO</subfield>
  </datafield>
  <datafield tag="072" ind1=" " ind2="7">
    <subfield code="a">s1mu</subfield>
    <subfield code="2">rero</subfield>
  </datafield>
  <datafield tag="100" ind1="1" ind2=" ">
    <subfield code="0">(RERO)A000116613</subfield>
    <subfield code="a">Mozart, Wolfgang Amadeus</subfield>
    <subfield code="4">cre</subfield>
  </datafield>
  <datafield tag="245" ind1="1" ind2="0">
    <subfield code="a">Neue Ausgabe sämtlicher Werke /</subfield>
    <subfield code="c">Wolfgang Amadeus Mozart ; in Verbindung mit den Mozartstädten Augsburg, Salzburg und Wien hrsg. von der Internationalen Stiftung Mozarteum Salzburg.</subfield>
    <subfield code="n">Werkgruppe 11, Bd 8,</subfield>
    <subfield code="p">Sinfonien / Wolfgang Amadeus Mozart ; vorgelegt von Friedrich Schnapp und László Somfai</subfield>
  </datafield>
  <datafield tag="264" ind1=" " ind2="1">
    <subfield code="a">Kassel ;</subfield>
    <subfield code="a">Basel :</subfield>
    <subfield code="b">Bärenreiter,</subfield>
    <subfield code="c">1971-2003</subfield>
  </datafield>
  <datafield tag="300" ind1=" " ind2=" ">
    <subfield code="a">1 partition (XVIII, 125 p.) ;</subfield>
    <subfield code="c">33 cm +</subfield>
    <subfield code="e">1 vol. de notes (61 p.) ; 24 cm</subfield>
  </datafield>
  <datafield tag="336" ind1=" " ind2=" ">
    <subfield code="b">ntm</subfield>
    <subfield code="2">rdacontent</subfield>
  </datafield>
  <datafield tag="337" ind1=" " ind2=" ">
    <subfield code="b">n</subfield>
    <subfield code="2">rdamedia</subfield>
  </datafield>
  <datafield tag="338" ind1=" " ind2=" ">
    <subfield code="b">nc</subfield>
    <subfield code="2">rdacarrier</subfield>
  </datafield>
  <datafield tag="505" ind1="0" ind2=" ">
    <subfield code="a">Sinfonien in C (Linzer Sinfonie) KV 425, in D (Prager Sinfonie) KV 504. - 1971</subfield>
  </datafield>
  <datafield tag="505" ind1="0" ind2=" ">
    <subfield code="a">Kritischer Bericht / vorgelegt von Henning Bey. - 2003</subfield>
  </datafield>
  <datafield tag="700" ind1="1" ind2=" ">
    <subfield code="0">(RERO)A025585467</subfield>
    <subfield code="a">Schnapp, Friedrich,</subfield>
    <subfield code="d">1900-1983</subfield>
  </datafield>
  <datafield tag="700" ind1="1" ind2=" ">
    <subfield code="0">(RERO)A003848298</subfield>
    <subfield code="a">Somfai, László</subfield>
  </datafield>
  <datafield tag="700" ind1="1" ind2=" ">
    <subfield code="0">(RERO)A006560589</subfield>
    <subfield code="a">Bey, Henning</subfield>
  </datafield>
  <datafield tag="800" ind1="1" ind2=" ">
    <subfield code="a">Mozart, Wolfgang Amadeus. -</subfield>
    <subfield code="t">Neue Ausgabe sämtlicher Werke</subfield>
    <subfield code="h">[Musique imprimée]</subfield>
    <subfield code="v">11,8</subfield>
  </datafield>
  <datafield tag="902" ind1=" " ind2=" ">
    <subfield code="a">geulmu</subfield>
    <subfield code="b">2017/11</subfield>
  </datafield>
  <datafield tag="956" ind1=" " ind2=" ">
    <subfield code="a">frbcuc</subfield>
  </datafield>
  <datafield tag="957" ind1=" " ind2=" ">
    <subfield code="a">geulmu</subfield>
  </datafield>
  <datafield tag="962" ind1=" " ind2=" ">
    <subfield code="a">nencm-</subfield>
  </datafield>
  <datafield tag="982" ind1=" " ind2=" ">
    <subfield code="2">ge-ulmu</subfield>
    <subfield code="a">E.MoWA.41/8</subfield>
  </datafield>
  <datafield tag="984" ind1=" " ind2=" ">
    <subfield code="2">cdu-nencm</subfield>
    <subfield code="a">(09)78MOZ1</subfield>
  </datafield>
</record>