
<record>
  <leader>01308cam a2200361 a 4500</leader>
  <controlfield tag="001">REROILS:198</controlfield>
  <controlfield tag="005">20170611091200.0</controlfield>
  <controlfield tag="008">110715s2011    it ||| |  ||||00|  |ita d</controlfield>
  <datafield tag="035" ind1=" " ind2=" ">
    <subfield code="a">R006103622</subfield>
  </datafield>
  <datafield tag="039" ind1=" " ind2="7">
    <subfield code="b">9500</subfield>
    <subfield code="b">0060</subfield>
  </datafield>
  <datafield tag="039" ind1=" " ind2="9">
    <subfield code="a">201706110912</subfield>
    <subfield code="b">VLOAD</subfield>
    <subfield code="c">201502081224</subfield>
    <subfield code="d">VLOAD</subfield>
    <subfield code="c">201202151557</subfield>
    <subfield code="d">9500</subfield>
    <subfield code="c">201202141218</subfield>
    <subfield code="d">0060</subfield>
    <subfield code="y">201107150908</subfield>
    <subfield code="z">0050</subfield>
  </datafield>
  <datafield tag="040" ind1=" " ind2=" ">
    <subfield code="a">ItFiC</subfield>
    <subfield code="d">DLC</subfield>
    <subfield code="d">RERO frbcuc</subfield>
  </datafield>
  <datafield tag="072" ind1=" " ind2="7">
    <subfield code="a">s1th</subfield>
    <subfield code="2">rero</subfield>
  </datafield>
  <datafield tag="072" ind1=" " ind2="7">
    <subfield code="a">s2ht</subfield>
    <subfield code="2">rero</subfield>
  </datafield>
  <datafield tag="100" ind1="1" ind2=" ">
    <subfield code="0">(RERO)A003298469</subfield>
    <subfield code="a">Giovagnoli, Agostino</subfield>
    <subfield code="4">cre</subfield>
  </datafield>
  <datafield tag="245" ind1="1" ind2="0">
    <subfield code="a">Chiesa e democrazia :</subfield>
    <subfield code="b">la lezione di Pietro Scoppola /</subfield>
    <subfield code="c">Agostino Giovagnoli</subfield>
  </datafield>
  <datafield tag="264" ind1=" " ind2="1">
    <subfield code="a">Bologna :</subfield>
    <subfield code="b">Il Mulino,</subfield>
    <subfield code="c">2011</subfield>
  </datafield>
  <datafield tag="300" ind1=" " ind2=" ">
    <subfield code="a">293 p. ;</subfield>
    <subfield code="c">22 cm.</subfield>
  </datafield>
  <datafield tag="336" ind1=" " ind2=" ">
    <subfield code="b">txt</subfield>
    <subfield code="2">rdacontent</subfield>
  </datafield>
  <datafield tag="337" ind1=" " ind2=" ">
    <subfield code="b">n</subfield>
    <subfield code="2">rdamedia</subfield>
  </datafield>
  <datafield tag="338" ind1=" " ind2=" ">
    <subfield code="b">nc</subfield>
    <subfield code="2">rdacarrier</subfield>
  </datafield>
  <datafield tag="490" ind1="1" ind2=" ">
    <subfield code="a">Saggi</subfield>
    <subfield code="v">746</subfield>
  </datafield>
  <datafield tag="504" ind1=" " ind2=" ">
    <subfield code="a">Includes bibliographical references and index.</subfield>
  </datafield>
  <datafield tag="600" ind1="1" ind2="0">
    <subfield code="a">Scoppola, Pietro</subfield>
  </datafield>
  <datafield tag="600" ind1="1" ind2="7">
    <subfield code="0">(RERO)A020301897</subfield>
    <subfield code="a">Scoppola, Pietro</subfield>
    <subfield code="2">rero</subfield>
  </datafield>
  <datafield tag="610" ind1="2" ind2="0">
    <subfield code="a">Catholic Church</subfield>
    <subfield code="x">Political activity</subfield>
    <subfield code="z">Italy</subfield>
  </datafield>
  <datafield tag="610" ind1="2" ind2="0">
    <subfield code="a">Partito della democrazia cristiana</subfield>
  </datafield>
  <datafield tag="650" ind1=" " ind2="0">
    <subfield code="a">Christianity and politics</subfield>
    <subfield code="z">Italy</subfield>
    <subfield code="x">Catholic Church</subfield>
  </datafield>
  <datafield tag="830" ind1=" " ind2="0">
    <subfield code="a">Saggi.</subfield>
    <subfield code="p">Il Mulino</subfield>
    <subfield code="v">746</subfield>
  </datafield>
  <datafield tag="856" ind1="4" ind2="2">
    <subfield code="u">http://catdir.loc.gov/catdir/toc/casalini09/10500553.pdf</subfield>
  </datafield>
  <datafield tag="900" ind1=" " ind2="1">
    <subfield code="a">OCoLC</subfield>
    <subfield code="b">20110715</subfield>
    <subfield code="c">Droits réservés</subfield>
  </datafield>
  <datafield tag="919" ind1=" " ind2=" ">
    <subfield code="9">600 17</subfield>
    <subfield code="a">Scoppola, Pietro</subfield>
    <subfield code="2">chrero</subfield>
  </datafield>
  <datafield tag="956" ind1=" " ind2=" ">
    <subfield code="a">frbcuc</subfield>
  </datafield>
</record>