
<record>
  <leader>01771nam a2200445 a 4500</leader>
  <controlfield tag="001">REROILS:199</controlfield>
  <controlfield tag="005">20180704160800.0</controlfield>
  <controlfield tag="008">021209s2002    sz ||| |  ||||00|  |fre d</controlfield>
  <datafield tag="019" ind1=" " ind2=" ">
    <subfield code="a">Catalogué d&apos;après la couverture</subfield>
    <subfield code="9">gecaeg/12.2002</subfield>
  </datafield>
  <datafield tag="035" ind1=" " ind2=" ">
    <subfield code="a">R003284614</subfield>
  </datafield>
  <datafield tag="039" ind1=" " ind2="7">
    <subfield code="b">9577</subfield>
    <subfield code="b">7912</subfield>
  </datafield>
  <datafield tag="039" ind1=" " ind2="9">
    <subfield code="a">201807041608</subfield>
    <subfield code="b">VLOAD</subfield>
    <subfield code="c">201711252245</subfield>
    <subfield code="d">VLOAD</subfield>
    <subfield code="c">201706110956</subfield>
    <subfield code="d">VLOAD</subfield>
    <subfield code="c">201204210835</subfield>
    <subfield code="d">VLOAD</subfield>
    <subfield code="y">200212091432</subfield>
    <subfield code="z">7912</subfield>
  </datafield>
  <datafield tag="040" ind1=" " ind2=" ">
    <subfield code="a">RERO gecaeg</subfield>
  </datafield>
  <datafield tag="044" ind1=" " ind2=" ">
    <subfield code="a">sz</subfield>
    <subfield code="c">ch-ge</subfield>
  </datafield>
  <datafield tag="072" ind1=" " ind2="7">
    <subfield code="a">s1ht</subfield>
    <subfield code="2">rero</subfield>
  </datafield>
  <datafield tag="245" ind1="0" ind2="2">
    <subfield code="a">L&apos;adieu aux Charmilles /</subfield>
    <subfield code="c">[réd. Jean-Daniel Sallin... et al.]</subfield>
  </datafield>
  <datafield tag="264" ind1=" " ind2="1">
    <subfield code="a">[Genève] :</subfield>
    <subfield code="b">Tribune de Genève,</subfield>
    <subfield code="c">2002</subfield>
  </datafield>
  <datafield tag="300" ind1=" " ind2=" ">
    <subfield code="a">31 p. :</subfield>
    <subfield code="b">ill. ;</subfield>
    <subfield code="c">33 cm</subfield>
  </datafield>
  <datafield tag="336" ind1=" " ind2=" ">
    <subfield code="b">txt</subfield>
    <subfield code="2">rdacontent</subfield>
  </datafield>
  <datafield tag="337" ind1=" " ind2=" ">
    <subfield code="b">n</subfield>
    <subfield code="2">rdamedia</subfield>
  </datafield>
  <datafield tag="338" ind1=" " ind2=" ">
    <subfield code="b">nc</subfield>
    <subfield code="2">rdacarrier</subfield>
  </datafield>
  <datafield tag="490" ind1="1" ind2=" ">
    <subfield code="a">Tribune de Genève</subfield>
    <subfield code="v">7 décembre 2002, suppl.</subfield>
  </datafield>
  <datafield tag="583" ind1=" " ind2=" ">
    <subfield code="5">gevbge BGE BXM 3116</subfield>
    <subfield code="z">2</subfield>
  </datafield>
  <datafield tag="650" ind1=" " ind2="7">
    <subfield code="0">(RERO)A021001421</subfield>
    <subfield code="a">Football</subfield>
    <subfield code="2">rero</subfield>
  </datafield>
  <datafield tag="650" ind1=" " ind2="7">
    <subfield code="a">1901-2002</subfield>
    <subfield code="2">rero</subfield>
  </datafield>
  <datafield tag="650" ind1=" " ind2="7">
    <subfield code="a">1996-2003</subfield>
    <subfield code="2">rero</subfield>
  </datafield>
  <datafield tag="650" ind1=" " ind2="7">
    <subfield code="0">(RERO)A021018142</subfield>
    <subfield code="a">Stades</subfield>
    <subfield code="2">rero</subfield>
  </datafield>
  <datafield tag="651" ind1=" " ind2="7">
    <subfield code="0">(RERO)A010087918</subfield>
    <subfield code="a">Genève (Suisse, ville) - Les Charmilles</subfield>
    <subfield code="2">rero</subfield>
  </datafield>
  <datafield tag="651" ind1=" " ind2="7">
    <subfield code="0">(RERO)A009951457</subfield>
    <subfield code="a">La Praille (Suisse, GE)</subfield>
    <subfield code="2">rero</subfield>
  </datafield>
  <datafield tag="655" ind1=" " ind2="7">
    <subfield code="0">(RERO)A023532005</subfield>
    <subfield code="a">[Coupures de presse]</subfield>
    <subfield code="2">rero</subfield>
  </datafield>
  <datafield tag="700" ind1="1" ind2=" ">
    <subfield code="0">(RERO)A009042477</subfield>
    <subfield code="a">Sallin, Jean-Daniel</subfield>
  </datafield>
  <datafield tag="830" ind1=" " ind2="0">
    <subfield code="a">Tribune de Genève</subfield>
    <subfield code="v">2002/12 suppl.</subfield>
  </datafield>
  <datafield tag="902" ind1=" " ind2=" ">
    <subfield code="a">gecaeg</subfield>
    <subfield code="b">2002/12</subfield>
    <subfield code="c">01</subfield>
  </datafield>
  <datafield tag="902" ind1=" " ind2=" ">
    <subfield code="a">gedoc</subfield>
  </datafield>
  <datafield tag="919" ind1=" " ind2=" ">
    <subfield code="9">650 _7</subfield>
    <subfield code="a">football</subfield>
    <subfield code="x">stade</subfield>
    <subfield code="z">Genève (Suisse, ville) - Les Charmilles</subfield>
    <subfield code="y">1901 / 2002</subfield>
    <subfield code="v">[coupures de presse]</subfield>
    <subfield code="2">chrero</subfield>
  </datafield>
  <datafield tag="919" ind1=" " ind2=" ">
    <subfield code="9">650 _7</subfield>
    <subfield code="a">football</subfield>
    <subfield code="x">stade</subfield>
    <subfield code="z">La Praille (Suisse, GE)</subfield>
    <subfield code="y">1996 / 2003</subfield>
    <subfield code="v">[coupures de presse]</subfield>
    <subfield code="2">chrero</subfield>
  </datafield>
  <datafield tag="957" ind1=" " ind2=" ">
    <subfield code="a">gecaeg gevbge</subfield>
  </datafield>
  <datafield tag="982" ind1=" " ind2=" ">
    <subfield code="0">(RERO)3A003212105</subfield>
    <subfield code="2">ge-biba</subfield>
    <subfield code="a">Ee Stade des Charmilles</subfield>
  </datafield>
  <datafield tag="982" ind1=" " ind2=" ">
    <subfield code="0">(RERO)3A001838386</subfield>
    <subfield code="2">ge-biba</subfield>
    <subfield code="a">Lg</subfield>
  </datafield>
  <datafield tag="992" ind1=" " ind2=" ">
    <subfield code="a">AEG F 49/11</subfield>
    <subfield code="x">ge/caeg/w/2003/247</subfield>
  </datafield>
</record>