
<record>
  <leader>01280nam a2200325 a 4500</leader>
  <controlfield tag="001">REROILS:201</controlfield>
  <controlfield tag="005">20170610214700.0</controlfield>
  <controlfield tag="008">000908s1976    fr |||||| ||||00|| |eng d</controlfield>
  <datafield tag="020" ind1=" " ind2=" ">
    <subfield code="a">9789264114944</subfield>
  </datafield>
  <datafield tag="035" ind1=" " ind2=" ">
    <subfield code="a">1063144</subfield>
  </datafield>
  <datafield tag="039" ind1=" " ind2="9">
    <subfield code="a">201706102147</subfield>
    <subfield code="b">VLOAD</subfield>
    <subfield code="c">200812221000</subfield>
    <subfield code="d">VLOAD</subfield>
    <subfield code="c">200811181654</subfield>
    <subfield code="d">VLOAD</subfield>
    <subfield code="c">200711021629</subfield>
    <subfield code="d">7471</subfield>
    <subfield code="y">1999022810480000</subfield>
    <subfield code="z">load</subfield>
  </datafield>
  <datafield tag="040" ind1=" " ind2=" ">
    <subfield code="a">RERO geuceh</subfield>
  </datafield>
  <datafield tag="041" ind1="1" ind2=" ">
    <subfield code="a">eng</subfield>
    <subfield code="h">fre</subfield>
  </datafield>
  <datafield tag="072" ind1=" " ind2="7">
    <subfield code="a">s1se</subfield>
    <subfield code="2">rero</subfield>
  </datafield>
  <datafield tag="100" ind1="1" ind2=" ">
    <subfield code="0">(RERO)A009281710</subfield>
    <subfield code="a">Mäler, Karl-Göran</subfield>
    <subfield code="4">cre</subfield>
  </datafield>
  <datafield tag="245" ind1="1" ind2="0">
    <subfield code="a">Economic measurement of environmental damage :</subfield>
    <subfield code="b">a technical handbook /</subfield>
    <subfield code="c">by Karl Göran Mäler and Ronald E. Wyzga</subfield>
  </datafield>
  <datafield tag="264" ind1=" " ind2="1">
    <subfield code="a">Paris :</subfield>
    <subfield code="b">OECD,</subfield>
    <subfield code="c">1976</subfield>
  </datafield>
  <datafield tag="300" ind1=" " ind2=" ">
    <subfield code="a">151 p. :</subfield>
    <subfield code="b">ill. ;</subfield>
    <subfield code="c">24 cm</subfield>
  </datafield>
  <datafield tag="336" ind1=" " ind2=" ">
    <subfield code="b">txt</subfield>
    <subfield code="2">rdacontent</subfield>
  </datafield>
  <datafield tag="337" ind1=" " ind2=" ">
    <subfield code="b">n</subfield>
    <subfield code="2">rdamedia</subfield>
  </datafield>
  <datafield tag="338" ind1=" " ind2=" ">
    <subfield code="b">nc</subfield>
    <subfield code="2">rdacarrier</subfield>
  </datafield>
  <datafield tag="500" ind1=" " ind2=" ">
    <subfield code="a">Traduit de: La mesure économique des dommages dans le domaine de l&apos;environnement</subfield>
  </datafield>
  <datafield tag="650" ind1=" " ind2="7">
    <subfield code="0">(RERO)A021015813</subfield>
    <subfield code="a">Coût</subfield>
    <subfield code="2">rero</subfield>
  </datafield>
  <datafield tag="650" ind1=" " ind2="7">
    <subfield code="0">(RERO)A009953245</subfield>
    <subfield code="a">dommage</subfield>
    <subfield code="2">rerovoc</subfield>
  </datafield>
  <datafield tag="650" ind1=" " ind2="7">
    <subfield code="0">(RERO)A021016564</subfield>
    <subfield code="a">Environnement</subfield>
    <subfield code="2">rero</subfield>
  </datafield>
  <datafield tag="700" ind1="1" ind2=" ">
    <subfield code="0">(RERO)A003989198</subfield>
    <subfield code="a">Wyzga, Ronald E</subfield>
  </datafield>
  <datafield tag="710" ind1="2" ind2=" ">
    <subfield code="0">(RERO)A000125516</subfield>
    <subfield code="a">Organisation de coopération et de développement économiques (Paris)</subfield>
  </datafield>
  <datafield tag="919" ind1=" " ind2=" ">
    <subfield code="9">650 _7</subfield>
    <subfield code="a">coût</subfield>
    <subfield code="x">dommage</subfield>
    <subfield code="x">environnement</subfield>
    <subfield code="2">chrero</subfield>
  </datafield>
  <datafield tag="957" ind1=" " ind2=" ">
    <subfield code="a">geudbu</subfield>
  </datafield>
  <datafield tag="992" ind1=" " ind2=" ">
    <subfield code="a">SESA 50451</subfield>
    <subfield code="x">ge/uses/d/89/1820</subfield>
  </datafield>
</record>