
<record>
  <leader>00813nas a22002057a 4500</leader>
  <controlfield tag="001">REROILS:202</controlfield>
  <controlfield tag="005">20170518103100.0</controlfield>
  <controlfield tag="008">000714         xx |||m|  ||||0 |  0und d</controlfield>
  <datafield tag="019" ind1=" " ind2=" ">
    <subfield code="a">Il semble que la numérotation disparaît à partir de 2002</subfield>
    <subfield code="9">frbcuc/02.2003/0024</subfield>
  </datafield>
  <datafield tag="022" ind1=" " ind2=" ">
    <subfield code="a">1283-5595</subfield>
    <subfield code="y">1283-55925</subfield>
  </datafield>
  <datafield tag="035" ind1=" " ind2=" ">
    <subfield code="a">R243473760</subfield>
  </datafield>
  <datafield tag="039" ind1=" " ind2=" ">
    <subfield code="b">4304</subfield>
  </datafield>
  <datafield tag="039" ind1=" " ind2="9">
    <subfield code="a">201705181031</subfield>
    <subfield code="b">VLOAD</subfield>
    <subfield code="c">200605281302</subfield>
    <subfield code="d">VLOAD</subfield>
    <subfield code="c">200302071554</subfield>
    <subfield code="d">0024</subfield>
    <subfield code="c">200302051532</subfield>
    <subfield code="d">0024</subfield>
    <subfield code="y">200007142228</subfield>
    <subfield code="z">VLOAD</subfield>
  </datafield>
  <datafield tag="040" ind1=" " ind2=" ">
    <subfield code="a">RERO neubfl</subfield>
  </datafield>
  <datafield tag="245" ind1="0" ind2="3">
    <subfield code="a">Le texte et l&apos;édition :</subfield>
    <subfield code="b">actes</subfield>
  </datafield>
  <datafield tag="264" ind1=" " ind2="1">
    <subfield code="a">Dijon :</subfield>
    <subfield code="b">Centre de recherches &quot;Le texte et l&apos;édition&quot; - Université de Bourgogne</subfield>
  </datafield>
  <datafield tag="336" ind1=" " ind2=" ">
    <subfield code="b">txt</subfield>
    <subfield code="2">rdacontent</subfield>
  </datafield>
  <datafield tag="337" ind1=" " ind2=" ">
    <subfield code="b">n</subfield>
    <subfield code="2">rdamedia</subfield>
  </datafield>
  <datafield tag="338" ind1=" " ind2=" ">
    <subfield code="b">nc</subfield>
    <subfield code="2">rdacarrier</subfield>
  </datafield>
  <datafield tag="710" ind1="2" ind2=" ">
    <subfield code="0">(RERO)A005687062</subfield>
    <subfield code="a">Université de Bourgogne (Dijon).</subfield>
    <subfield code="b">Centre de recherches &quot;Le texte et l&apos;édition&quot;</subfield>
  </datafield>
</record>