
<record>
  <leader>02008cam a2200469 a 4500</leader>
  <controlfield tag="001">REROILS:204</controlfield>
  <controlfield tag="005">20181208094300.0</controlfield>
  <controlfield tag="008">940202m19699999fr |||||| ||||00|| |fre d</controlfield>
  <datafield tag="019" ind1=" " ind2=" ">
    <subfield code="a">Niveau supérieur !</subfield>
    <subfield code="9">rero/10.2004</subfield>
  </datafield>
  <datafield tag="024" ind1="7" ind2=" ">
    <subfield code="a">http://catalogue.bnf.fr/ark:/12148/cb35368333j</subfield>
    <subfield code="2">uri</subfield>
  </datafield>
  <datafield tag="035" ind1=" " ind2=" ">
    <subfield code="a">1805550</subfield>
  </datafield>
  <datafield tag="039" ind1=" " ind2="7">
    <subfield code="b">0113</subfield>
  </datafield>
  <datafield tag="039" ind1=" " ind2="9">
    <subfield code="a">201812080943</subfield>
    <subfield code="b">VLOAD</subfield>
    <subfield code="c">201808271228</subfield>
    <subfield code="d">VLOAD</subfield>
    <subfield code="c">201807261042</subfield>
    <subfield code="d">VLOAD</subfield>
    <subfield code="c">201806011504</subfield>
    <subfield code="d">AUTHORITY</subfield>
    <subfield code="y">1999030104160000</subfield>
    <subfield code="z">load</subfield>
  </datafield>
  <datafield tag="040" ind1=" " ind2=" ">
    <subfield code="a">RERO larero</subfield>
  </datafield>
  <datafield tag="041" ind1="1" ind2=" ">
    <subfield code="a">fre</subfield>
    <subfield code="a">lat</subfield>
    <subfield code="h">lat</subfield>
  </datafield>
  <datafield tag="072" ind1=" " ind2="7">
    <subfield code="a">s1th</subfield>
    <subfield code="2">rero</subfield>
  </datafield>
  <datafield tag="072" ind1=" " ind2="7">
    <subfield code="a">s2ph</subfield>
    <subfield code="2">rero</subfield>
  </datafield>
  <datafield tag="100" ind1="0" ind2=" ">
    <subfield code="0">(RERO)A000014063</subfield>
    <subfield code="a">Augustinus,</subfield>
    <subfield code="c">saint,</subfield>
    <subfield code="d">354-430</subfield>
    <subfield code="4">cre</subfield>
  </datafield>
  <datafield tag="245" ind1="1" ind2="0">
    <subfield code="a">Homélies sur l&apos;évangile de saint Jean /</subfield>
    <subfield code="c">trad., introd. et notes par M.-F. Berrouard</subfield>
  </datafield>
  <datafield tag="264" ind1=" " ind2="1">
    <subfield code="a">[Paris] :</subfield>
    <subfield code="b">Desclée de Brouwer [puis]</subfield>
    <subfield code="b">Etudes augustiniennes,</subfield>
    <subfield code="c">1969-</subfield>
  </datafield>
  <datafield tag="300" ind1=" " ind2=" ">
    <subfield code="c">18 cm</subfield>
  </datafield>
  <datafield tag="336" ind1=" " ind2=" ">
    <subfield code="b">txt</subfield>
    <subfield code="2">rdacontent</subfield>
  </datafield>
  <datafield tag="337" ind1=" " ind2=" ">
    <subfield code="b">n</subfield>
    <subfield code="2">rdamedia</subfield>
  </datafield>
  <datafield tag="338" ind1=" " ind2=" ">
    <subfield code="b">nc</subfield>
    <subfield code="2">rdacarrier</subfield>
  </datafield>
  <datafield tag="490" ind1="0" ind2=" ">
    <subfield code="a">Oeuvres / de saint Augustin</subfield>
  </datafield>
  <datafield tag="500" ind1=" " ind2=" ">
    <subfield code="a">Traduit de: Tractatus in Evangelium Joannis</subfield>
  </datafield>
  <datafield tag="500" ind1=" " ind2=" ">
    <subfield code="a">Texte latin et trad. française en regard</subfield>
  </datafield>
  <datafield tag="600" ind1="0" ind2="7">
    <subfield code="0">(RERO)A010047307</subfield>
    <subfield code="a">Augustin</subfield>
    <subfield code="c">(saint).</subfield>
    <subfield code="t">&quot;Homélies sur l&apos;Evangile de saint Jean&quot;</subfield>
    <subfield code="2">rero</subfield>
  </datafield>
  <datafield tag="630" ind1="0" ind2="7">
    <subfield code="0">(RERO)A009967497</subfield>
    <subfield code="a">&quot;Bible.</subfield>
    <subfield code="p">NT.</subfield>
    <subfield code="p">Jean (évangile)&quot;</subfield>
    <subfield code="2">rero</subfield>
  </datafield>
  <datafield tag="650" ind1=" " ind2="7">
    <subfield code="0">(RERO)A024406393</subfield>
    <subfield code="a">5e siècle (début)</subfield>
    <subfield code="2">rero</subfield>
  </datafield>
  <datafield tag="650" ind1=" " ind2="7">
    <subfield code="0">(RERO)A027725594</subfield>
    <subfield code="a">Prédication latine</subfield>
    <subfield code="2">rero</subfield>
  </datafield>
  <datafield tag="655" ind1=" " ind2="7">
    <subfield code="0">(RERO)A010182398</subfield>
    <subfield code="a">[document]</subfield>
    <subfield code="2">rerovoc</subfield>
  </datafield>
  <datafield tag="655" ind1=" " ind2="7">
    <subfield code="0">(RERO)A021105522</subfield>
    <subfield code="a">[Commentaires]</subfield>
    <subfield code="2">rero</subfield>
  </datafield>
  <datafield tag="700" ind1="1" ind2=" ">
    <subfield code="0">(RERO)A011158503</subfield>
    <subfield code="a">Berrouard, Marie-François</subfield>
  </datafield>
  <datafield tag="902" ind1=" " ind2=" ">
    <subfield code="a">getheolcollection</subfield>
  </datafield>
  <datafield tag="919" ind1=" " ind2=" ">
    <subfield code="9">600 07</subfield>
    <subfield code="a">Augustin</subfield>
    <subfield code="c">(saint).</subfield>
    <subfield code="t">&quot;Homélies sur l&apos;Evangile de saint Jean&quot;</subfield>
    <subfield code="v">[commentaire]</subfield>
    <subfield code="2">chrero</subfield>
  </datafield>
  <datafield tag="919" ind1=" " ind2=" ">
    <subfield code="9">630 07</subfield>
    <subfield code="a">&quot;Bible.</subfield>
    <subfield code="p">NT.</subfield>
    <subfield code="p">Jean (évangile)&quot;</subfield>
    <subfield code="v">[commentaire]</subfield>
    <subfield code="2">chrero</subfield>
  </datafield>
  <datafield tag="919" ind1=" " ind2=" ">
    <subfield code="9">650 _7</subfield>
    <subfield code="a">prédication latine</subfield>
    <subfield code="x">&quot;Bible. NT. Jean (évangile)&quot;</subfield>
    <subfield code="y">5e s. (début)</subfield>
    <subfield code="v">[document]</subfield>
    <subfield code="2">chrero</subfield>
  </datafield>
  <datafield tag="956" ind1=" " ind2=" ">
    <subfield code="a">frbcuc</subfield>
  </datafield>
  <datafield tag="957" ind1=" " ind2=" ">
    <subfield code="a">gefoha geulph geulsa geuth-</subfield>
  </datafield>
  <datafield tag="982" ind1=" " ind2=" ">
    <subfield code="2">ge-ulph</subfield>
    <subfield code="a">C 2 AUG Oeu</subfield>
  </datafield>
  <datafield tag="992" ind1=" " ind2=" ">
    <subfield code="a">BFLA 102781/71-?</subfield>
    <subfield code="x">ge/ulph/a</subfield>
  </datafield>
</record>