
<record>
  <leader>00820caa a22002292a 4500</leader>
  <controlfield tag="001">REROILS:40</controlfield>
  <controlfield tag="005">20170520104000.0</controlfield>
  <controlfield tag="008">150318s1818    stk||| |  ||||00|  |eng d</controlfield>
  <datafield tag="035" ind1=" " ind2=" ">
    <subfield code="a">R008099167</subfield>
  </datafield>
  <datafield tag="039" ind1=" " ind2="9">
    <subfield code="a">201705201040</subfield>
    <subfield code="b">VLOAD</subfield>
    <subfield code="c">201507091523</subfield>
    <subfield code="d">VLOAD</subfield>
    <subfield code="y">201503181612</subfield>
    <subfield code="z">6050</subfield>
  </datafield>
  <datafield tag="040" ind1=" " ind2=" ">
    <subfield code="a">GBVCP</subfield>
    <subfield code="d">RERO gevbge</subfield>
  </datafield>
  <datafield tag="072" ind1=" " ind2="7">
    <subfield code="a">s1me</subfield>
    <subfield code="2">rero</subfield>
  </datafield>
  <datafield tag="100" ind1="1" ind2=" ">
    <subfield code="0">(RERO)A012325432</subfield>
    <subfield code="a">Abercrombie, John,</subfield>
    <subfield code="c">psychologue</subfield>
    <subfield code="4">cre</subfield>
  </datafield>
  <datafield tag="245" ind1="1" ind2="0">
    <subfield code="a">Observations on chronic inflammation of the brain and its membranes /</subfield>
    <subfield code="c">by John Abercrombie</subfield>
  </datafield>
  <datafield tag="300" ind1=" " ind2=" ">
    <subfield code="a">in-8</subfield>
  </datafield>
  <datafield tag="336" ind1=" " ind2=" ">
    <subfield code="b">txt</subfield>
    <subfield code="2">rdacontent</subfield>
  </datafield>
  <datafield tag="337" ind1=" " ind2=" ">
    <subfield code="b">n</subfield>
    <subfield code="2">rdamedia</subfield>
  </datafield>
  <datafield tag="338" ind1=" " ind2=" ">
    <subfield code="b">nc</subfield>
    <subfield code="2">rdacarrier</subfield>
  </datafield>
  <datafield tag="580" ind1=" " ind2=" ">
    <subfield code="a">In : Edinburgh medical and surgical journal. - Edinburgh. - No. 55(1818), 64 p.</subfield>
  </datafield>
  <datafield tag="773" ind1="1" ind2=" ">
    <subfield code="t">Edinburgh medical journal</subfield>
    <subfield code="g">1818/55</subfield>
    <subfield code="w">REROILS:41</subfield>
  </datafield>
  <datafield tag="900" ind1=" " ind2="1">
    <subfield code="a">OCoLC</subfield>
    <subfield code="b">20150318</subfield>
    <subfield code="c">Droits réservés</subfield>
  </datafield>
  <datafield tag="957" ind1=" " ind2=" ">
    <subfield code="a">gevbge</subfield>
  </datafield>
</record>