
<record>
  <leader>00828naa a22002297a 4500</leader>
  <controlfield tag="001">REROILS:3</controlfield>
  <controlfield tag="005">20170518141300.0</controlfield>
  <controlfield tag="008">980412s1969    xx ||| |  ||||00|  0eng d</controlfield>
  <datafield tag="035" ind1=" " ind2=" ">
    <subfield code="a">R003458626</subfield>
  </datafield>
  <datafield tag="039" ind1=" " ind2="9">
    <subfield code="a">201705181413</subfield>
    <subfield code="b">VLOAD</subfield>
    <subfield code="c">201605141157</subfield>
    <subfield code="d">VLOAD</subfield>
    <subfield code="c">201210191827</subfield>
    <subfield code="d">VLOAD</subfield>
    <subfield code="c">201112192301</subfield>
    <subfield code="d">VLOAD</subfield>
    <subfield code="y">200506232352</subfield>
    <subfield code="z">VLOAD</subfield>
  </datafield>
  <datafield tag="040" ind1=" " ind2=" ">
    <subfield code="a">RERO gewcc-</subfield>
  </datafield>
  <datafield tag="072" ind1=" " ind2="7">
    <subfield code="a">s1th</subfield>
    <subfield code="2">rero</subfield>
  </datafield>
  <datafield tag="100" ind1="1" ind2=" ">
    <subfield code="0">(RERO)A003889558</subfield>
    <subfield code="a">Tavard, Georges Henri</subfield>
    <subfield code="4">cre</subfield>
  </datafield>
  <datafield tag="245" ind1="1" ind2="4">
    <subfield code="a">The present ecumenical movement /</subfield>
    <subfield code="c">G. Tavard</subfield>
  </datafield>
  <datafield tag="264" ind1=" " ind2="1">
    <subfield code="c">1969</subfield>
  </datafield>
  <datafield tag="336" ind1=" " ind2=" ">
    <subfield code="b">txt</subfield>
    <subfield code="2">rdacontent</subfield>
  </datafield>
  <datafield tag="337" ind1=" " ind2=" ">
    <subfield code="b">n</subfield>
    <subfield code="2">rdamedia</subfield>
  </datafield>
  <datafield tag="338" ind1=" " ind2=" ">
    <subfield code="b">nc</subfield>
    <subfield code="2">rdacarrier</subfield>
  </datafield>
  <datafield tag="580" ind1=" " ind2=" ">
    <subfield code="a">In: One in Christ ; vol. 5, no. 3, 1969, p. 248-262</subfield>
  </datafield>
  <datafield tag="773" ind1="1" ind2=" ">
    <subfield code="t">One in Christ : a catholic ecumenical review</subfield>
    <subfield code="g">vol. 5, no. 3, 1969, p. 248-262</subfield>
    <subfield code="w">REROILS:4</subfield>
  </datafield>
  <datafield tag="957" ind1=" " ind2=" ">
    <subfield code="a">gewcc-</subfield>
  </datafield>
  <datafield tag="982" ind1=" " ind2=" ">
    <subfield code="2">wccsh</subfield>
    <subfield code="a">Roman Catholic Church</subfield>
    <subfield code="d">Ecumenical movement</subfield>
  </datafield>
</record>