
<record>
  <leader>01026nam a2200325 a 4500</leader>
  <controlfield tag="001">REROILS:205</controlfield>
  <controlfield tag="005">20170705194000.0</controlfield>
  <controlfield tag="008">000912s1999    fr ||| |  ||||00|  |fre d</controlfield>
  <datafield tag="020" ind1=" " ind2=" ">
    <subfield code="a">9782070407866</subfield>
  </datafield>
  <datafield tag="035" ind1=" " ind2=" ">
    <subfield code="a">R266402260</subfield>
  </datafield>
  <datafield tag="039" ind1=" " ind2=" ">
    <subfield code="b">7365</subfield>
  </datafield>
  <datafield tag="039" ind1=" " ind2="9">
    <subfield code="a">201707051940</subfield>
    <subfield code="b">VLOAD</subfield>
    <subfield code="c">201705181018</subfield>
    <subfield code="d">VLOAD</subfield>
    <subfield code="c">200812221313</subfield>
    <subfield code="d">VLOAD</subfield>
    <subfield code="c">200812211904</subfield>
    <subfield code="d">VLOAD</subfield>
    <subfield code="y">200009121535</subfield>
    <subfield code="z">VLOAD</subfield>
  </datafield>
  <datafield tag="040" ind1=" " ind2=" ">
    <subfield code="a">RERO geulfr</subfield>
  </datafield>
  <datafield tag="072" ind1=" " ind2="7">
    <subfield code="a">s1fr</subfield>
    <subfield code="2">rero</subfield>
  </datafield>
  <datafield tag="100" ind1="1" ind2=" ">
    <subfield code="0">(RERO)A003164112</subfield>
    <subfield code="a">Deguy, Michel,</subfield>
    <subfield code="d">1930-</subfield>
    <subfield code="4">cre</subfield>
  </datafield>
  <datafield tag="245" ind1="1" ind2="0">
    <subfield code="a">Gisants :</subfield>
    <subfield code="b">poèmes III : 1980-1995 /</subfield>
    <subfield code="c">Michel Deguy ; préf. d&apos;Andrea Zanzotto</subfield>
  </datafield>
  <datafield tag="264" ind1=" " ind2="1">
    <subfield code="a">[Paris] :</subfield>
    <subfield code="b">Gallimard,</subfield>
    <subfield code="c">1999</subfield>
  </datafield>
  <datafield tag="300" ind1=" " ind2=" ">
    <subfield code="a">238 p. ;</subfield>
    <subfield code="c">22 cm</subfield>
  </datafield>
  <datafield tag="336" ind1=" " ind2=" ">
    <subfield code="b">txt</subfield>
    <subfield code="2">rdacontent</subfield>
  </datafield>
  <datafield tag="337" ind1=" " ind2=" ">
    <subfield code="b">n</subfield>
    <subfield code="2">rdamedia</subfield>
  </datafield>
  <datafield tag="338" ind1=" " ind2=" ">
    <subfield code="b">nc</subfield>
    <subfield code="2">rdacarrier</subfield>
  </datafield>
  <datafield tag="490" ind1="1" ind2=" ">
    <subfield code="a">Poésie</subfield>
    <subfield code="v">331</subfield>
  </datafield>
  <datafield tag="700" ind1="1" ind2=" ">
    <subfield code="0">(RERO)A003995460</subfield>
    <subfield code="a">Zanzotto, Andrea</subfield>
  </datafield>
  <datafield tag="830" ind1=" " ind2="0">
    <subfield code="a">Poésie.</subfield>
    <subfield code="p">Gallimard</subfield>
    <subfield code="v">331</subfield>
  </datafield>
  <datafield tag="902" ind1=" " ind2=" ">
    <subfield code="a">geulfr</subfield>
    <subfield code="b">2000/03</subfield>
  </datafield>
  <datafield tag="904" ind1=" " ind2=" ">
    <subfield code="a">bpunfar</subfield>
    <subfield code="b">0203</subfield>
    <subfield code="c">7</subfield>
  </datafield>
  <datafield tag="957" ind1=" " ind2=" ">
    <subfield code="a">geulfr</subfield>
  </datafield>
  <datafield tag="962" ind1=" " ind2=" ">
    <subfield code="a">nebpun</subfield>
  </datafield>
  <datafield tag="982" ind1=" " ind2=" ">
    <subfield code="2">ge-ulfr</subfield>
    <subfield code="a">20/TEc DEGU 7*Gis</subfield>
  </datafield>
  <datafield tag="994" ind1=" " ind2=" ">
    <subfield code="a">FP 8910</subfield>
    <subfield code="x">ne/bpun/a/2002/579</subfield>
  </datafield>
</record>