
<record>
  <leader>00658nas a22001697a 4500</leader>
  <controlfield tag="001">REROILS:24</controlfield>
  <controlfield tag="005">20170516084300.0</controlfield>
  <controlfield tag="008">861001u        xx |||m|| ||||0 || 0und d</controlfield>
  <datafield tag="035" ind1=" " ind2=" ">
    <subfield code="a">0757916</subfield>
  </datafield>
  <datafield tag="039" ind1=" " ind2="9">
    <subfield code="a">201705160843</subfield>
    <subfield code="b">VLOAD</subfield>
    <subfield code="c">200605282032</subfield>
    <subfield code="d">VLOAD</subfield>
    <subfield code="y">1999022803410000</subfield>
    <subfield code="z">load</subfield>
  </datafield>
  <datafield tag="040" ind1=" " ind2=" ">
    <subfield code="a">RERO neuses</subfield>
  </datafield>
  <datafield tag="245" ind1="0" ind2="0">
    <subfield code="a">Forschungsberichte der zentralen wissenschaftlichen Einrichtung &quot;Arbeit und Betrieb&quot;</subfield>
  </datafield>
  <datafield tag="264" ind1=" " ind2="1">
    <subfield code="a">Bremen :</subfield>
    <subfield code="b">Zentrale wissenschaftliche Einrichtung &quot;Arbeit und Betrieb&quot;</subfield>
  </datafield>
  <datafield tag="336" ind1=" " ind2=" ">
    <subfield code="b">txt</subfield>
    <subfield code="2">rdacontent</subfield>
  </datafield>
  <datafield tag="337" ind1=" " ind2=" ">
    <subfield code="b">n</subfield>
    <subfield code="2">rdamedia</subfield>
  </datafield>
  <datafield tag="338" ind1=" " ind2=" ">
    <subfield code="b">nc</subfield>
    <subfield code="2">rdacarrier</subfield>
  </datafield>
  <datafield tag="710" ind1="2" ind2=" ">
    <subfield code="0">(RERO)A012413199</subfield>
    <subfield code="a">Universität Bremen.</subfield>
    <subfield code="b">Zentrale wissenschaftliche Einrichtung &quot;Arbeit und Betrieb&quot;</subfield>
  </datafield>
</record>