
<record>
  <leader>01249nam a2200325 a 4500</leader>
  <controlfield tag="001">REROILS:208</controlfield>
  <controlfield tag="005">20180831205800.0</controlfield>
  <controlfield tag="008">060105s1843    sz |||||| ||||00|| |ger d</controlfield>
  <datafield tag="035" ind1=" " ind2=" ">
    <subfield code="a">R003968584</subfield>
  </datafield>
  <datafield tag="039" ind1=" " ind2="7">
    <subfield code="b">0045</subfield>
  </datafield>
  <datafield tag="039" ind1=" " ind2="9">
    <subfield code="a">201808312058</subfield>
    <subfield code="b">VLOAD</subfield>
    <subfield code="c">201807051046</subfield>
    <subfield code="d">VLOAD</subfield>
    <subfield code="c">201803291058</subfield>
    <subfield code="d">VLOAD</subfield>
    <subfield code="c">201801261550</subfield>
    <subfield code="d">VLOAD</subfield>
    <subfield code="y">200601051427</subfield>
    <subfield code="z">0045</subfield>
  </datafield>
  <datafield tag="040" ind1=" " ind2=" ">
    <subfield code="a">RERO frbcuc</subfield>
  </datafield>
  <datafield tag="044" ind1=" " ind2=" ">
    <subfield code="a">sz</subfield>
    <subfield code="c">ch-lu</subfield>
  </datafield>
  <datafield tag="072" ind1=" " ind2="7">
    <subfield code="a">s1th</subfield>
    <subfield code="2">rero</subfield>
  </datafield>
  <datafield tag="072" ind1=" " ind2="7">
    <subfield code="a">s2hm</subfield>
    <subfield code="2">rero</subfield>
  </datafield>
  <datafield tag="100" ind1="1" ind2=" ">
    <subfield code="0">(RERO)A011853076</subfield>
    <subfield code="a">Sigrist, Georg,</subfield>
    <subfield code="d">1788-1866</subfield>
    <subfield code="4">cre</subfield>
  </datafield>
  <datafield tag="245" ind1="1" ind2="0">
    <subfield code="a">Bruder Klaus, oder des seligen Nikolaus von der Flue lehrreiche und wundervolle Lebensgeschichte /</subfield>
    <subfield code="c">herausgegeben von Georg Sigrist</subfield>
  </datafield>
  <datafield tag="264" ind1=" " ind2="1">
    <subfield code="a">Lucern :</subfield>
    <subfield code="b">Xaver Meyer :</subfield>
    <subfield code="b">Gebr. Räber,</subfield>
    <subfield code="c">1843</subfield>
  </datafield>
  <datafield tag="300" ind1=" " ind2=" ">
    <subfield code="a">VI, 167 p. :</subfield>
    <subfield code="b">ill. d&apos;une grav. en frontisp. ;</subfield>
    <subfield code="c">8° (18 cm)</subfield>
  </datafield>
  <datafield tag="336" ind1=" " ind2=" ">
    <subfield code="b">txt</subfield>
    <subfield code="2">rdacontent</subfield>
  </datafield>
  <datafield tag="337" ind1=" " ind2=" ">
    <subfield code="b">n</subfield>
    <subfield code="2">rdamedia</subfield>
  </datafield>
  <datafield tag="338" ind1=" " ind2=" ">
    <subfield code="b">nc</subfield>
    <subfield code="2">rdacarrier</subfield>
  </datafield>
  <datafield tag="600" ind1="0" ind2="7">
    <subfield code="0">(RERO)A010013942</subfield>
    <subfield code="a">Nicolas</subfield>
    <subfield code="c">(de Flue ;</subfield>
    <subfield code="c">saint)</subfield>
    <subfield code="2">rero</subfield>
  </datafield>
  <datafield tag="655" ind1=" " ind2="7">
    <subfield code="0">(RERO)A021003749</subfield>
    <subfield code="a">[Biographies]</subfield>
    <subfield code="2">rero</subfield>
  </datafield>
  <datafield tag="752" ind1=" " ind2=" ">
    <subfield code="0">(RERO)A000000275</subfield>
    <subfield code="d">Luzern (1450-1800, lieu d&apos;édition ou d&apos;impression)</subfield>
  </datafield>
  <datafield tag="901" ind1=" " ind2=" ">
    <subfield code="a">recatfr01</subfield>
  </datafield>
  <datafield tag="919" ind1=" " ind2=" ">
    <subfield code="9">600 07</subfield>
    <subfield code="a">Nicolas</subfield>
    <subfield code="c">(de Flue ;</subfield>
    <subfield code="c">saint)</subfield>
    <subfield code="v">[biographie]</subfield>
    <subfield code="2">chrero</subfield>
  </datafield>
  <datafield tag="956" ind1=" " ind2=" ">
    <subfield code="a">frbcuc</subfield>
  </datafield>
  <datafield tag="973" ind1=" " ind2=" ">
    <subfield code="a">vsbcvs</subfield>
  </datafield>
  <datafield tag="980" ind1=" " ind2=" ">
    <subfield code="2">brp</subfield>
    <subfield code="a">531.A.N.D.Nicolas de Flue</subfield>
  </datafield>
</record>