
<record>
  <leader>01365nam a22003377a 4500</leader>
  <controlfield tag="001">REROILS:209</controlfield>
  <controlfield tag="005">20180109121500.0</controlfield>
  <controlfield tag="008">150428s1886    fr ||| |  ||||00|  |fre d</controlfield>
  <datafield tag="019" ind1=" " ind2=" ">
    <subfield code="a">Catalogage à l&apos;exemplaire !!!</subfield>
    <subfield code="9">vsbcvs/04.2015</subfield>
  </datafield>
  <datafield tag="024" ind1="7" ind2=" ">
    <subfield code="a">http://catalogue.bnf.fr/ark:/12148/cb31288353v</subfield>
    <subfield code="2">uri</subfield>
  </datafield>
  <datafield tag="035" ind1=" " ind2=" ">
    <subfield code="a">R008133944</subfield>
  </datafield>
  <datafield tag="039" ind1=" " ind2="7">
    <subfield code="b">1000</subfield>
  </datafield>
  <datafield tag="039" ind1=" " ind2="9">
    <subfield code="a">201801091215</subfield>
    <subfield code="b">1010</subfield>
    <subfield code="c">201705201457</subfield>
    <subfield code="d">VLOAD</subfield>
    <subfield code="c">201705030112</subfield>
    <subfield code="d">VLOAD</subfield>
    <subfield code="c">201510011338</subfield>
    <subfield code="d">VLOAD</subfield>
    <subfield code="y">201504281017</subfield>
    <subfield code="z">1000</subfield>
  </datafield>
  <datafield tag="040" ind1=" " ind2=" ">
    <subfield code="a">FRBNF</subfield>
    <subfield code="d">RERO vsbcvs</subfield>
  </datafield>
  <datafield tag="072" ind1=" " ind2="7">
    <subfield code="a">s1bo</subfield>
    <subfield code="2">rero</subfield>
  </datafield>
  <datafield tag="100" ind1="1" ind2=" ">
    <subfield code="0">(RERO)A012673060</subfield>
    <subfield code="a">Salleron, Jules</subfield>
    <subfield code="4">cre</subfield>
  </datafield>
  <datafield tag="245" ind1="1" ind2="0">
    <subfield code="a">Etudes sur le vin mousseux :</subfield>
    <subfield code="b">nouveau mode de tirage rationnel et infaillible, l&apos;élasticité du verre et la résistance des bouteilles, le liège et son application au bouchage du vin de Champagne /</subfield>
    <subfield code="c">par J. Salleron</subfield>
  </datafield>
  <datafield tag="264" ind1=" " ind2="1">
    <subfield code="a">Paris :</subfield>
    <subfield code="b">Chez l&apos;auteur,</subfield>
    <subfield code="c">1886</subfield>
  </datafield>
  <datafield tag="300" ind1=" " ind2=" ">
    <subfield code="a">In-8°, VI-178 p. :</subfield>
    <subfield code="b">fig. et pl</subfield>
  </datafield>
  <datafield tag="336" ind1=" " ind2=" ">
    <subfield code="b">txt</subfield>
    <subfield code="2">rdacontent</subfield>
  </datafield>
  <datafield tag="337" ind1=" " ind2=" ">
    <subfield code="b">n</subfield>
    <subfield code="2">rdamedia</subfield>
  </datafield>
  <datafield tag="338" ind1=" " ind2=" ">
    <subfield code="b">nc</subfield>
    <subfield code="2">rdacarrier</subfield>
  </datafield>
  <datafield tag="650" ind1=" " ind2="7">
    <subfield code="0">(RERO)A021002973</subfield>
    <subfield code="a">Vin de Champagne</subfield>
    <subfield code="2">rero</subfield>
  </datafield>
  <datafield tag="650" ind1=" " ind2="7">
    <subfield code="0">(RERO)A021017375</subfield>
    <subfield code="a">Vin mousseux</subfield>
    <subfield code="2">rero</subfield>
  </datafield>
  <datafield tag="650" ind1=" " ind2="7">
    <subfield code="0">(RERO)A021033085</subfield>
    <subfield code="a">Vinification</subfield>
    <subfield code="2">rero</subfield>
  </datafield>
  <datafield tag="650" ind1=" " ind2="7">
    <subfield code="0">(RERO)A021013683</subfield>
    <subfield code="a">Bouteilles de vin</subfield>
    <subfield code="2">rero</subfield>
  </datafield>
  <datafield tag="900" ind1=" " ind2="1">
    <subfield code="a">BNF</subfield>
    <subfield code="b">20150428</subfield>
    <subfield code="c">Droits réservés</subfield>
  </datafield>
  <datafield tag="906" ind1=" " ind2=" ">
    <subfield code="a">Bibliothèque Henry Wuilloud</subfield>
  </datafield>
  <datafield tag="906" ind1=" " ind2=" ">
    <subfield code="a">bvs</subfield>
  </datafield>
  <datafield tag="930" ind1=" " ind2=" ">
    <subfield code="a">(BNF) FRBNF312883530000006</subfield>
  </datafield>
  <datafield tag="973" ind1=" " ind2=" ">
    <subfield code="a">vsbcvs</subfield>
  </datafield>
</record>