
<record>
  <leader>01091nam a2200313 a 4500</leader>
  <controlfield tag="001">REROILS:211</controlfield>
  <controlfield tag="005">20171013122200.0</controlfield>
  <controlfield tag="008">040116s2003    fr ||| |  ||||00|  |fre d</controlfield>
  <datafield tag="020" ind1=" " ind2=" ">
    <subfield code="a">9782080708489</subfield>
  </datafield>
  <datafield tag="035" ind1=" " ind2=" ">
    <subfield code="a">R003569321</subfield>
  </datafield>
  <datafield tag="039" ind1=" " ind2="9">
    <subfield code="a">201710131222</subfield>
    <subfield code="b">AUTHORITY</subfield>
    <subfield code="c">201710131212</subfield>
    <subfield code="d">AUTHORITY</subfield>
    <subfield code="c">201710131133</subfield>
    <subfield code="d">AUTHORITY</subfield>
    <subfield code="c">201710131127</subfield>
    <subfield code="d">AUTHORITY</subfield>
    <subfield code="y">200401161357</subfield>
    <subfield code="z">4301</subfield>
  </datafield>
  <datafield tag="040" ind1=" " ind2=" ">
    <subfield code="a">RERO neubfl</subfield>
  </datafield>
  <datafield tag="041" ind1="1" ind2=" ">
    <subfield code="a">fre</subfield>
  </datafield>
  <datafield tag="072" ind1=" " ind2="7">
    <subfield code="a">s1ph</subfield>
    <subfield code="2">rero</subfield>
  </datafield>
  <datafield tag="100" ind1="0" ind2=" ">
    <subfield code="0">(RERO)A000131322</subfield>
    <subfield code="a">Plato,</subfield>
    <subfield code="d">ca. 427- ca. 348 av. J.-C</subfield>
    <subfield code="4">cre</subfield>
  </datafield>
  <datafield tag="245" ind1="1" ind2="0">
    <subfield code="a">Apologie de Socrate ;</subfield>
    <subfield code="b">Criton /</subfield>
    <subfield code="c">Platon ; trad. inédites, introd. et notes par Luc Brisson</subfield>
  </datafield>
  <datafield tag="264" ind1=" " ind2="1">
    <subfield code="a">Paris :</subfield>
    <subfield code="b">GF Flammarion,</subfield>
    <subfield code="c">2003</subfield>
  </datafield>
  <datafield tag="300" ind1=" " ind2=" ">
    <subfield code="a">262 p. ;</subfield>
    <subfield code="c">18 cm</subfield>
  </datafield>
  <datafield tag="336" ind1=" " ind2=" ">
    <subfield code="b">txt</subfield>
    <subfield code="2">rdacontent</subfield>
  </datafield>
  <datafield tag="337" ind1=" " ind2=" ">
    <subfield code="b">n</subfield>
    <subfield code="2">rdamedia</subfield>
  </datafield>
  <datafield tag="338" ind1=" " ind2=" ">
    <subfield code="b">nc</subfield>
    <subfield code="2">rdacarrier</subfield>
  </datafield>
  <datafield tag="490" ind1="1" ind2=" ">
    <subfield code="a">Texte intégral</subfield>
    <subfield code="v">848</subfield>
  </datafield>
  <datafield tag="500" ind1=" " ind2=" ">
    <subfield code="a">Titre conventionnel: Apologia Socratis</subfield>
  </datafield>
  <datafield tag="700" ind1="1" ind2=" ">
    <subfield code="0">(RERO)A003044237</subfield>
    <subfield code="a">Brisson, Luc</subfield>
  </datafield>
  <datafield tag="700" ind1="0" ind2="2">
    <subfield code="a">Plato,</subfield>
    <subfield code="d">ca. 427- ca. 348 av. J.-C. -</subfield>
    <subfield code="t">Criton</subfield>
  </datafield>
  <datafield tag="830" ind1=" " ind2="0">
    <subfield code="a">GF Texte intégral</subfield>
    <subfield code="v">848</subfield>
  </datafield>
  <datafield tag="904" ind1=" " ind2=" ">
    <subfield code="a">neubflna</subfield>
    <subfield code="b">2004/01</subfield>
  </datafield>
  <datafield tag="962" ind1=" " ind2=" ">
    <subfield code="a">neubfl</subfield>
  </datafield>
  <datafield tag="984" ind1=" " ind2=" ">
    <subfield code="2">cdu-neubfl-ph</subfield>
    <subfield code="a">1&quot;-04/00&quot;PLA3</subfield>
  </datafield>
</record>