
<record>
  <leader>01441nam a2200313 a 4500</leader>
  <controlfield tag="001">REROILS:32</controlfield>
  <controlfield tag="005">20181208155900.0</controlfield>
  <controlfield tag="008">001225s2000    bl |||||| ||||00|  |por d</controlfield>
  <datafield tag="020" ind1=" " ind2=" ">
    <subfield code="a">9788587742049</subfield>
  </datafield>
  <datafield tag="035" ind1=" " ind2=" ">
    <subfield code="a">R278852060</subfield>
  </datafield>
  <datafield tag="039" ind1=" " ind2=" ">
    <subfield code="b">0011</subfield>
    <subfield code="b">0013i</subfield>
  </datafield>
  <datafield tag="039" ind1=" " ind2="9">
    <subfield code="a">201812081559</subfield>
    <subfield code="b">VLOAD</subfield>
    <subfield code="c">201808301618</subfield>
    <subfield code="d">VLOAD</subfield>
    <subfield code="c">201706111432</subfield>
    <subfield code="d">VLOAD</subfield>
    <subfield code="c">200606061752</subfield>
    <subfield code="d">VLOAD</subfield>
    <subfield code="y">200012250638</subfield>
    <subfield code="z">VLOAD</subfield>
  </datafield>
  <datafield tag="040" ind1=" " ind2=" ">
    <subfield code="a">RERO frbcuc</subfield>
  </datafield>
  <datafield tag="041" ind1="0" ind2=" ">
    <subfield code="a">por</subfield>
    <subfield code="a">eng</subfield>
  </datafield>
  <datafield tag="072" ind1=" " ind2="7">
    <subfield code="a">s1ba</subfield>
    <subfield code="2">rero</subfield>
  </datafield>
  <datafield tag="245" ind1="0" ind2="0">
    <subfield code="a">Mostra do Redescobrimento /</subfield>
    <subfield code="c">Associação Brasil 500 Anos Artes Visuais ; [curador-geral Nelson Aguilar].</subfield>
    <subfield code="p">Artes indígenas = Native arts / [curadora Lúcia Hussak van Velthem]</subfield>
  </datafield>
  <datafield tag="264" ind1=" " ind2="1">
    <subfield code="a">São Paulo :</subfield>
    <subfield code="b">Associação Brasil 500 Anos Artes Visuais :</subfield>
    <subfield code="b">Fundação Bienal de São Paulo,</subfield>
    <subfield code="c">2000</subfield>
  </datafield>
  <datafield tag="300" ind1=" " ind2=" ">
    <subfield code="a">215 p. :</subfield>
    <subfield code="b">ill. ;</subfield>
    <subfield code="c">31 cm</subfield>
  </datafield>
  <datafield tag="336" ind1=" " ind2=" ">
    <subfield code="b">txt</subfield>
    <subfield code="2">rdacontent</subfield>
  </datafield>
  <datafield tag="337" ind1=" " ind2=" ">
    <subfield code="b">n</subfield>
    <subfield code="2">rdamedia</subfield>
  </datafield>
  <datafield tag="338" ind1=" " ind2=" ">
    <subfield code="b">nc</subfield>
    <subfield code="2">rdacarrier</subfield>
  </datafield>
  <datafield tag="500" ind1=" " ind2=" ">
    <subfield code="a">Exposição, 23 de abril a 7 de setembro de 2000, Parque Ibirapuera, São Paulo, Pavilhão Lucas Nogueira Garcez, Pavilhão Ciccillo Matarozzo, Pavilhão Padre Manoel da Nóbrega</subfield>
  </datafield>
  <datafield tag="650" ind1=" " ind2="7">
    <subfield code="0">(RERO)A027725522</subfield>
    <subfield code="a">Art amérindien</subfield>
    <subfield code="2">rero</subfield>
  </datafield>
  <datafield tag="651" ind1=" " ind2="7">
    <subfield code="0">(RERO)A009956940</subfield>
    <subfield code="a">Brésil</subfield>
    <subfield code="2">rero</subfield>
  </datafield>
  <datafield tag="655" ind1=" " ind2="7">
    <subfield code="0">(RERO)A021004924</subfield>
    <subfield code="a">[Catalogues d&apos;exposition]</subfield>
    <subfield code="2">rero</subfield>
  </datafield>
  <datafield tag="700" ind1="1" ind2=" ">
    <subfield code="0">(RERO)A006263389</subfield>
    <subfield code="a">Velthem, Lúcia Hussak van</subfield>
  </datafield>
  <datafield tag="830" ind1=" " ind2="0">
    <subfield code="a">Mostra do Redescobrimento</subfield>
    <subfield code="w">REROILS:33</subfield>
  </datafield>
  <datafield tag="919" ind1=" " ind2=" ">
    <subfield code="9">650 _7</subfield>
    <subfield code="a">art amérindien</subfield>
    <subfield code="z">Brésil</subfield>
    <subfield code="v">[catalogue d&apos;exposition]</subfield>
    <subfield code="2">chrero</subfield>
  </datafield>
  <datafield tag="956" ind1=" " ind2=" ">
    <subfield code="a">frbcuc</subfield>
  </datafield>
</record>