
<record>
  <leader>01163cas a2200313 a 4500</leader>
  <controlfield tag="001">REROILS:212</controlfield>
  <controlfield tag="005">20181116195800.0</controlfield>
  <controlfield tag="008">911107c    9999fr |||p|| ||||0 || 0fre d</controlfield>
  <datafield tag="035" ind1=" " ind2=" ">
    <subfield code="a">1450816</subfield>
  </datafield>
  <datafield tag="039" ind1=" " ind2="9">
    <subfield code="a">201811161958</subfield>
    <subfield code="b">VLOAD</subfield>
    <subfield code="c">201808261211</subfield>
    <subfield code="d">VLOAD</subfield>
    <subfield code="c">201804191026</subfield>
    <subfield code="d">VLOAD</subfield>
    <subfield code="c">201706101953</subfield>
    <subfield code="d">VLOAD</subfield>
    <subfield code="y">1999022819530000</subfield>
    <subfield code="z">load</subfield>
  </datafield>
  <datafield tag="040" ind1=" " ind2=" ">
    <subfield code="a">RERO vsbcvs</subfield>
  </datafield>
  <datafield tag="072" ind1=" " ind2="7">
    <subfield code="a">s1am</subfield>
    <subfield code="2">rero</subfield>
  </datafield>
  <datafield tag="245" ind1="0" ind2="3">
    <subfield code="a">Le guide Lebey ... des restaurants de Paris /</subfield>
    <subfield code="c">660 restaurants choisis, visités, décrits et notés par Claude Lebey</subfield>
  </datafield>
  <datafield tag="264" ind1=" " ind2="1">
    <subfield code="a">[Paris] :</subfield>
    <subfield code="b">Ed. Ramsay-François Bourin</subfield>
  </datafield>
  <datafield tag="300" ind1=" " ind2=" ">
    <subfield code="c">20 cm</subfield>
  </datafield>
  <datafield tag="310" ind1=" " ind2=" ">
    <subfield code="a">Annuel</subfield>
  </datafield>
  <datafield tag="336" ind1=" " ind2=" ">
    <subfield code="b">txt</subfield>
    <subfield code="2">rdacontent</subfield>
  </datafield>
  <datafield tag="337" ind1=" " ind2=" ">
    <subfield code="b">n</subfield>
    <subfield code="2">rdamedia</subfield>
  </datafield>
  <datafield tag="338" ind1=" " ind2=" ">
    <subfield code="b">nc</subfield>
    <subfield code="2">rdacarrier</subfield>
  </datafield>
  <datafield tag="650" ind1=" " ind2="7">
    <subfield code="0">(RERO)A021001471</subfield>
    <subfield code="a">Gastronomie</subfield>
    <subfield code="2">rero</subfield>
  </datafield>
  <datafield tag="650" ind1=" " ind2="7">
    <subfield code="0">(RERO)A021002378</subfield>
    <subfield code="a">Restaurants</subfield>
    <subfield code="2">rero</subfield>
  </datafield>
  <datafield tag="651" ind1=" " ind2="7">
    <subfield code="0">(RERO)A010016448</subfield>
    <subfield code="a">Paris (France)</subfield>
    <subfield code="2">rero</subfield>
  </datafield>
  <datafield tag="655" ind1=" " ind2="7">
    <subfield code="0">(RERO)A021002597</subfield>
    <subfield code="a">[Périodiques]</subfield>
    <subfield code="2">rero</subfield>
  </datafield>
  <datafield tag="700" ind1="1" ind2=" ">
    <subfield code="0">(RERO)A003505362</subfield>
    <subfield code="a">Lebey, Claude</subfield>
  </datafield>
  <datafield tag="906" ind1=" " ind2=" ">
    <subfield code="a">facvs</subfield>
  </datafield>
  <datafield tag="919" ind1=" " ind2=" ">
    <subfield code="9">650 _7</subfield>
    <subfield code="a">restaurant</subfield>
    <subfield code="z">Paris (France)</subfield>
    <subfield code="v">[périodique]</subfield>
    <subfield code="2">chrero</subfield>
  </datafield>
  <datafield tag="919" ind1=" " ind2=" ">
    <subfield code="9">650 _7</subfield>
    <subfield code="a">gastronomie</subfield>
    <subfield code="z">Paris (France)</subfield>
    <subfield code="v">[périodique]</subfield>
    <subfield code="2">chrero</subfield>
  </datafield>
  <datafield tag="973" ind1=" " ind2=" ">
    <subfield code="a">vsbcvs</subfield>
  </datafield>
  <datafield tag="986" ind1=" " ind2=" ">
    <subfield code="2">cdu-vsbcvs</subfield>
    <subfield code="a">379.85(058)(44) LEB</subfield>
  </datafield>
</record>