
<record>
  <leader>01461nas a2200313 a 4500</leader>
  <controlfield tag="001">REROILS:41</controlfield>
  <controlfield tag="005">20170517181400.0</controlfield>
  <controlfield tag="008">950508d18551954xxk|||p|| ||||0 || 0eng d</controlfield>
  <datafield tag="035" ind1=" " ind2=" ">
    <subfield code="a">2017654</subfield>
  </datafield>
  <datafield tag="039" ind1=" " ind2="9">
    <subfield code="a">201705171814</subfield>
    <subfield code="b">VLOAD</subfield>
    <subfield code="c">200812220325</subfield>
    <subfield code="d">VLOAD</subfield>
    <subfield code="c">200709181819</subfield>
    <subfield code="d">VLOAD</subfield>
    <subfield code="c">200605291655</subfield>
    <subfield code="d">VLOAD</subfield>
    <subfield code="y">1999030109450000</subfield>
    <subfield code="z">load</subfield>
  </datafield>
  <datafield tag="040" ind1=" " ind2=" ">
    <subfield code="a">RERO geudbu</subfield>
  </datafield>
  <datafield tag="072" ind1=" " ind2="7">
    <subfield code="a">s1me</subfield>
    <subfield code="2">rero</subfield>
  </datafield>
  <datafield tag="245" ind1="0" ind2="0">
    <subfield code="a">Edinburgh medical journal</subfield>
  </datafield>
  <datafield tag="264" ind1=" " ind2="1">
    <subfield code="a">Edinburgh :</subfield>
    <subfield code="b">Oliver and Boyd ;</subfield>
    <subfield code="a">London :</subfield>
    <subfield code="b">Simpkin Marshall</subfield>
  </datafield>
  <datafield tag="300" ind1=" " ind2=" ">
    <subfield code="c">21 cm</subfield>
  </datafield>
  <datafield tag="336" ind1=" " ind2=" ">
    <subfield code="b">txt</subfield>
    <subfield code="2">rdacontent</subfield>
  </datafield>
  <datafield tag="337" ind1=" " ind2=" ">
    <subfield code="b">n</subfield>
    <subfield code="2">rdamedia</subfield>
  </datafield>
  <datafield tag="338" ind1=" " ind2=" ">
    <subfield code="b">nc</subfield>
    <subfield code="2">rdacarrier</subfield>
  </datafield>
  <datafield tag="362" ind1="0" ind2=" ">
    <subfield code="a">Vol. 1(1855) - vol. 42(1896) ; n.s., vol. 1(1897) - vol. 23(1908) ; n.s., vol. 1(1908) - vol. 61(1954)</subfield>
  </datafield>
  <datafield tag="580" ind1=" " ind2=" ">
    <subfield code="a">Absorbe en 1908: Scottish medical and surgical journal. Fusion de: Monthly journal of medicine. Et de: Edinburgh medical and surgical journal. 2017590 Devient après fusion: Scottish medical journal</subfield>
  </datafield>
  <datafield tag="580" ind1=" " ind2=" ">
    <subfield code="a">Contient depuis 1921: Transactions of the Edinburgh Obstetrical Society. Et: Transactions of the Medico-Chirurgical Society of Edinburgh</subfield>
  </datafield>
  <datafield tag="772" ind1="1" ind2=" ">
    <subfield code="t">Transactions of the Edinburgh Obstetrical Society</subfield>
  </datafield>
  <datafield tag="772" ind1="1" ind2=" ">
    <subfield code="t">Transactions of the Medico-Chirurgical Society of Edinburgh</subfield>
  </datafield>
  <datafield tag="780" ind1="1" ind2="0">
    <subfield code="t">Monthly journal of medicine</subfield>
  </datafield>
  <datafield tag="780" ind1="1" ind2="0">
    <subfield code="t">Edinburgh medical and surgical journal. 2017590</subfield>
  </datafield>
  <datafield tag="780" ind1="1" ind2="0">
    <subfield code="t">Scottish medical &amp; [and] surgical journal</subfield>
  </datafield>
  <datafield tag="785" ind1="1" ind2="0">
    <subfield code="t">Scottish medical journal</subfield>
  </datafield>
  <datafield tag="957" ind1=" " ind2=" ">
    <subfield code="a">gevbge</subfield>
  </datafield>
  <datafield tag="992" ind1=" " ind2=" ">
    <subfield code="a">BGE NA 167*</subfield>
    <subfield code="x">ge/vbge/w</subfield>
  </datafield>
</record>