
<record>
  <leader>01682cam a2200457 a 4500</leader>
  <controlfield tag="001">REROILS:214</controlfield>
  <controlfield tag="005">20190401173300.0</controlfield>
  <controlfield tag="008">120914m19711975xxu||| |  ||||00|  |eng d</controlfield>
  <datafield tag="020" ind1=" " ind2=" ">
    <subfield code="a">9780262130622</subfield>
  </datafield>
  <datafield tag="020" ind1=" " ind2=" ">
    <subfield code="a">9780262130981</subfield>
  </datafield>
  <datafield tag="035" ind1=" " ind2=" ">
    <subfield code="a">R007141733</subfield>
  </datafield>
  <datafield tag="039" ind1=" " ind2="7">
    <subfield code="b">7142</subfield>
  </datafield>
  <datafield tag="039" ind1=" " ind2="9">
    <subfield code="a">201904011733</subfield>
    <subfield code="b">AUTHORITY</subfield>
    <subfield code="c">201802081626</subfield>
    <subfield code="d">7147</subfield>
    <subfield code="c">201705311714</subfield>
    <subfield code="d">VLOAD</subfield>
    <subfield code="c">201502081327</subfield>
    <subfield code="d">VLOAD</subfield>
    <subfield code="y">201209141338</subfield>
    <subfield code="z">7142</subfield>
  </datafield>
  <datafield tag="040" ind1=" " ind2=" ">
    <subfield code="a">DLC</subfield>
    <subfield code="d">DLC</subfield>
    <subfield code="d">RERO geussc</subfield>
  </datafield>
  <datafield tag="041" ind1="1" ind2=" ">
    <subfield code="a">eng</subfield>
    <subfield code="h">rus</subfield>
  </datafield>
  <datafield tag="050" ind1=" " ind2="0">
    <subfield code="a">QA911</subfield>
    <subfield code="b">.M6313</subfield>
  </datafield>
  <datafield tag="072" ind1=" " ind2="7">
    <subfield code="a">s1py</subfield>
    <subfield code="2">rero</subfield>
  </datafield>
  <datafield tag="082" ind1="0" ind2="0">
    <subfield code="a">532/.0527</subfield>
  </datafield>
  <datafield tag="100" ind1="1" ind2=" ">
    <subfield code="0">(RERO)A022263222</subfield>
    <subfield code="a">Monin, Andreĭ Sergeevich,</subfield>
    <subfield code="d">1921-</subfield>
    <subfield code="4">cre</subfield>
  </datafield>
  <datafield tag="245" ind1="1" ind2="0">
    <subfield code="a">Statistical fluid mechanics :</subfield>
    <subfield code="b">mechanics of turbulence /</subfield>
    <subfield code="c">A.S. Monin and A.M. Yaglom</subfield>
  </datafield>
  <datafield tag="250" ind1=" " ind2=" ">
    <subfield code="a">English ed. updated, augmented and rev. by the authors /</subfield>
    <subfield code="b">ed. by John L. Lumley</subfield>
  </datafield>
  <datafield tag="264" ind1=" " ind2="1">
    <subfield code="a">Cambridge, Mass. :</subfield>
    <subfield code="b">MIT Press,</subfield>
    <subfield code="c">1971-1975</subfield>
  </datafield>
  <datafield tag="300" ind1=" " ind2=" ">
    <subfield code="a">2 vol. (769, 874 p.) :</subfield>
    <subfield code="b">ill. ;</subfield>
    <subfield code="c">24 cm</subfield>
  </datafield>
  <datafield tag="336" ind1=" " ind2=" ">
    <subfield code="b">txt</subfield>
    <subfield code="2">rdacontent</subfield>
  </datafield>
  <datafield tag="337" ind1=" " ind2=" ">
    <subfield code="b">n</subfield>
    <subfield code="2">rdamedia</subfield>
  </datafield>
  <datafield tag="338" ind1=" " ind2=" ">
    <subfield code="b">nc</subfield>
    <subfield code="2">rdacarrier</subfield>
  </datafield>
  <datafield tag="500" ind1=" " ind2=" ">
    <subfield code="a">Trad. de: Statisticheskai︠a︡ gidromekhanika</subfield>
  </datafield>
  <datafield tag="504" ind1=" " ind2=" ">
    <subfield code="a">Includes bibliographies.</subfield>
  </datafield>
  <datafield tag="650" ind1=" " ind2="0">
    <subfield code="a">Fluid mechanics</subfield>
  </datafield>
  <datafield tag="650" ind1=" " ind2="0">
    <subfield code="a">Hydrodynamics</subfield>
  </datafield>
  <datafield tag="650" ind1=" " ind2="0">
    <subfield code="a">Turbulence</subfield>
  </datafield>
  <datafield tag="650" ind1=" " ind2="7">
    <subfield code="0">(RERO)A021001411</subfield>
    <subfield code="a">Fluides, Mécanique des</subfield>
    <subfield code="2">rero</subfield>
  </datafield>
  <datafield tag="650" ind1=" " ind2="7">
    <subfield code="0">(RERO)A021009245</subfield>
    <subfield code="a">Hydrodynamique</subfield>
    <subfield code="2">rero</subfield>
  </datafield>
  <datafield tag="650" ind1=" " ind2="7">
    <subfield code="0">(RERO)A021002919</subfield>
    <subfield code="a">Turbulence</subfield>
    <subfield code="2">rero</subfield>
  </datafield>
  <datafield tag="650" ind1=" " ind2="7">
    <subfield code="0">(RERO)A021006734</subfield>
    <subfield code="a">Physique statistique</subfield>
    <subfield code="2">rero</subfield>
  </datafield>
  <datafield tag="700" ind1="1" ind2=" ">
    <subfield code="0">(RERO)A000093166</subfield>
    <subfield code="a">I︠A︡glom, Akiva Moiseevich,</subfield>
    <subfield code="d">1921-2007</subfield>
  </datafield>
  <datafield tag="700" ind1="1" ind2=" ">
    <subfield code="0">(RERO)A003536220</subfield>
    <subfield code="a">Lumley, John Leask</subfield>
  </datafield>
  <datafield tag="900" ind1=" " ind2="1">
    <subfield code="a">LOC</subfield>
    <subfield code="b">20120914</subfield>
    <subfield code="c">Droits réservés</subfield>
  </datafield>
  <datafield tag="957" ind1=" " ind2=" ">
    <subfield code="a">geudbu</subfield>
  </datafield>
  <datafield tag="982" ind1=" " ind2=" ">
    <subfield code="2">cdu-sys-geussc</subfield>
    <subfield code="a">532</subfield>
  </datafield>
  <datafield tag="982" ind1=" " ind2=" ">
    <subfield code="2">cdu-sys-geussc</subfield>
    <subfield code="a">536.9</subfield>
  </datafield>
</record>