
<record>
  <leader>03134naa a22005172a 4500</leader>
  <controlfield tag="001">REROILS:217</controlfield>
  <controlfield tag="005">20171127203100.0</controlfield>
  <controlfield tag="008">970725m19031905sz ||| |  ||||00|  |ger d</controlfield>
  <datafield tag="019" ind1=" " ind2=" ">
    <subfield code="a">Attention champ 933 issu de la migration d&apos;Alexandria à conserver temporairement</subfield>
    <subfield code="9">iftfla/12.2009</subfield>
    <subfield code="5">alexrero</subfield>
  </datafield>
  <datafield tag="019" ind1=" " ind2=" ">
    <subfield code="a">Notice issue de la migration Alexandria</subfield>
    <subfield code="9">iftfla/12.2009</subfield>
  </datafield>
  <datafield tag="035" ind1=" " ind2=" ">
    <subfield code="a">bv01003517</subfield>
  </datafield>
  <datafield tag="039" ind1=" " ind2="4">
    <subfield code="b">5012</subfield>
    <subfield code="5">alexrero</subfield>
  </datafield>
  <datafield tag="039" ind1=" " ind2="9">
    <subfield code="a">201711272031</subfield>
    <subfield code="b">VLOAD</subfield>
    <subfield code="c">201711271651</subfield>
    <subfield code="d">VLOAD</subfield>
    <subfield code="c">201705220733</subfield>
    <subfield code="d">VLOAD</subfield>
    <subfield code="c">201503151406</subfield>
    <subfield code="d">VLOAD</subfield>
    <subfield code="y">200912101825</subfield>
    <subfield code="z">VLOAD</subfield>
  </datafield>
  <datafield tag="040" ind1=" " ind2=" ">
    <subfield code="a">RERO iftfla</subfield>
  </datafield>
  <datafield tag="072" ind1=" " ind2="7">
    <subfield code="a">s1dr</subfield>
    <subfield code="2">rero</subfield>
  </datafield>
  <datafield tag="245" ind1="0" ind2="4">
    <subfield code="a">Die Praxis des aargauischen Obergerichts in Steuersachen</subfield>
  </datafield>
  <datafield tag="246" ind1="3" ind2=" ">
    <subfield code="a">Spruchpraxis des Obergerichts und der Abteilung für Civilsachen am Obergericht in Steuerstreitsachen</subfield>
  </datafield>
  <datafield tag="264" ind1=" " ind2="1">
    <subfield code="a">Aarau :</subfield>
    <subfield code="b">H.R. Sauerländer,</subfield>
    <subfield code="c">[1903-1905]</subfield>
  </datafield>
  <datafield tag="300" ind1=" " ind2=" ">
    <subfield code="a">3 Hefte ;</subfield>
    <subfield code="c">24 cm</subfield>
  </datafield>
  <datafield tag="336" ind1=" " ind2=" ">
    <subfield code="b">txt</subfield>
    <subfield code="2">rdacontent</subfield>
  </datafield>
  <datafield tag="337" ind1=" " ind2=" ">
    <subfield code="b">n</subfield>
    <subfield code="2">rdamedia</subfield>
  </datafield>
  <datafield tag="338" ind1=" " ind2=" ">
    <subfield code="b">nc</subfield>
    <subfield code="2">rdacarrier</subfield>
  </datafield>
  <datafield tag="500" ind1=" " ind2=" ">
    <subfield code="a">Autre titre: Spruchpraxis des Obergerichts und der Abteilung für Civilsachen am Obergericht in Steuerstreitsachen</subfield>
  </datafield>
  <datafield tag="500" ind1=" " ind2=" ">
    <subfield code="a">Heft 2 u. 3 u.d.T.: Die Spruchpraxis des Obergerichts und der Abteilung für Civilsachen am Obergericht in Steuerstreitsachen</subfield>
  </datafield>
  <datafield tag="505" ind1="0" ind2=" ">
    <subfield code="a">[H. 1]: [1903]. - S. 84-122. - Sonderabdruck aus der Vierteljahresschrift für aargauische Rechtsprechung, III (1903), H. 2</subfield>
  </datafield>
  <datafield tag="505" ind1="0" ind2=" ">
    <subfield code="a">H. 2: [1904]. - S. 193-219. - Sonderabdruck aus der Vierteljahresschrift für aargauische Rechtsprechung, IV (1904)</subfield>
  </datafield>
  <datafield tag="505" ind1="0" ind2=" ">
    <subfield code="a">H. 3: [1905]. - S. 98-124. - Sonderabdruck aus der Vierteljahresschrift für aargauische Rechtsprechung, V (1905)</subfield>
  </datafield>
  <datafield tag="580" ind1=" " ind2=" ">
    <subfield code="a">In: Vierteljahresschrift für aargauische Rechtsprechung. - Jg. 3 (1903), H. 2, S. 84-122</subfield>
  </datafield>
  <datafield tag="580" ind1=" " ind2=" ">
    <subfield code="a">In: Vierteljahresschrift für aargauische Rechtsprechung. - Jg. 4 (1904), S. 193-219</subfield>
  </datafield>
  <datafield tag="580" ind1=" " ind2=" ">
    <subfield code="a">In: Vierteljahresschrift für aargauische Rechtsprechung. - Jg. 5 (1905), H. 3, S. 98-124</subfield>
  </datafield>
  <datafield tag="650" ind1=" " ind2="7">
    <subfield code="0">jurivoc000000140ger</subfield>
    <subfield code="a">Abgaberecht</subfield>
    <subfield code="2">jurivoc</subfield>
    <subfield code="9">ger</subfield>
  </datafield>
  <datafield tag="650" ind1=" " ind2="7">
    <subfield code="0">jurivoc000021368ger</subfield>
    <subfield code="a">Steuer</subfield>
    <subfield code="2">jurivoc</subfield>
    <subfield code="9">ger</subfield>
  </datafield>
  <datafield tag="650" ind1=" " ind2="7">
    <subfield code="0">jurivoc000009624ger</subfield>
    <subfield code="a">Gerichts- und Verwaltungspraxis</subfield>
    <subfield code="2">jurivoc</subfield>
    <subfield code="9">ger</subfield>
  </datafield>
  <datafield tag="650" ind1=" " ind2="7">
    <subfield code="0">jurivoc000018932ger</subfield>
    <subfield code="a">richterliche Behörde</subfield>
    <subfield code="2">jurivoc</subfield>
    <subfield code="9">ger</subfield>
  </datafield>
  <datafield tag="650" ind1=" " ind2="7">
    <subfield code="0">jurivoc000012350ger</subfield>
    <subfield code="a">kantonale Behörde</subfield>
    <subfield code="2">jurivoc</subfield>
    <subfield code="9">ger</subfield>
  </datafield>
  <datafield tag="651" ind1=" " ind2="7">
    <subfield code="0">jurivoc000019912ger</subfield>
    <subfield code="a">Schweiz</subfield>
    <subfield code="2">jurivoc</subfield>
    <subfield code="9">ger</subfield>
  </datafield>
  <datafield tag="651" ind1=" " ind2="7">
    <subfield code="0">jurivoc000000070ger</subfield>
    <subfield code="a">Aargau</subfield>
    <subfield code="2">jurivoc</subfield>
    <subfield code="9">ger</subfield>
  </datafield>
  <datafield tag="655" ind1=" " ind2="7">
    <subfield code="0">jurivoc000006982ger</subfield>
    <subfield code="a">Entscheidsammlung</subfield>
    <subfield code="2">jurivoc</subfield>
    <subfield code="9">ger</subfield>
  </datafield>
  <datafield tag="773" ind1="1" ind2=" ">
    <subfield code="t">Vierteljahresschrift für aargauische Rechtsprechung</subfield>
    <subfield code="g">Jg. 3 (1903), H. 2, S. 84-122</subfield>
  </datafield>
  <datafield tag="773" ind1="1" ind2=" ">
    <subfield code="t">Vierteljahresschrift für aargauische Rechtsprechung</subfield>
    <subfield code="g">Jg. 4 (1904), S. 193-219</subfield>
  </datafield>
  <datafield tag="773" ind1="1" ind2=" ">
    <subfield code="t">Vierteljahresschrift für aargauische Rechtsprechung</subfield>
    <subfield code="g">Jg. 5 (1905), H. 3, S. 98-124</subfield>
  </datafield>
  <datafield tag="933" ind1=" " ind2=" ">
    <subfield code="s">Vierteljahresschrift für aargauische Rechtsprechung</subfield>
    <subfield code="g">Jg. 3 (1903), H. 2, S. 84-122</subfield>
    <subfield code="5">alexrero</subfield>
  </datafield>
  <datafield tag="933" ind1=" " ind2=" ">
    <subfield code="s">Vierteljahresschrift für aargauische Rechtsprechung</subfield>
    <subfield code="g">Jg. 4 (1904), S. 193-219</subfield>
    <subfield code="5">alexrero</subfield>
  </datafield>
  <datafield tag="933" ind1=" " ind2=" ">
    <subfield code="s">Vierteljahresschrift für aargauische Rechtsprechung</subfield>
    <subfield code="g">Jg. 5 (1905), H. 3, S. 98-124</subfield>
    <subfield code="5">alexrero</subfield>
  </datafield>
  <datafield tag="953" ind1=" " ind2=" ">
    <subfield code="a">iftfla</subfield>
  </datafield>
  <datafield tag="983" ind1=" " ind2=" ">
    <subfield code="2">iftfla</subfield>
    <subfield code="a">TFLa A 15/36</subfield>
  </datafield>
</record>