
<record>
  <leader>01064nas a22003137a 4500</leader>
  <controlfield tag="001">REROILS:35</controlfield>
  <controlfield tag="005">20170517095600.0</controlfield>
  <controlfield tag="008">010127u        xx |||m|| ||||0 || 0und d</controlfield>
  <datafield tag="019" ind1=" " ind2=" ">
    <subfield code="a">Pas suite BGE</subfield>
    <subfield code="9">gevbpu/07.2005</subfield>
  </datafield>
  <datafield tag="035" ind1=" " ind2=" ">
    <subfield code="a">1173487</subfield>
  </datafield>
  <datafield tag="039" ind1=" " ind2=" ">
    <subfield code="b">1006</subfield>
    <subfield code="b">3312</subfield>
    <subfield code="b">8208c</subfield>
  </datafield>
  <datafield tag="039" ind1=" " ind2="9">
    <subfield code="a">201705170956</subfield>
    <subfield code="b">VLOAD</subfield>
    <subfield code="c">200908152051</subfield>
    <subfield code="d">VLOAD</subfield>
    <subfield code="c">200902241001</subfield>
    <subfield code="d">3335</subfield>
    <subfield code="c">200812220155</subfield>
    <subfield code="d">VLOAD</subfield>
    <subfield code="y">1999022813240000</subfield>
    <subfield code="z">load</subfield>
  </datafield>
  <datafield tag="040" ind1=" " ind2=" ">
    <subfield code="a">RERO nebpup</subfield>
  </datafield>
  <datafield tag="130" ind1="0" ind2=" ">
    <subfield code="a">Babel.</subfield>
    <subfield code="p">Actes sud</subfield>
  </datafield>
  <datafield tag="245" ind1="1" ind2="0">
    <subfield code="a">Babel</subfield>
  </datafield>
  <datafield tag="246" ind1="3" ind2=" ">
    <subfield code="a">Babel noir</subfield>
  </datafield>
  <datafield tag="246" ind1="3" ind2=" ">
    <subfield code="a">Epistolaires</subfield>
  </datafield>
  <datafield tag="246" ind1="3" ind2=" ">
    <subfield code="a">Révolutions.</subfield>
    <subfield code="p">Actes sud</subfield>
  </datafield>
  <datafield tag="264" ind1=" " ind2="1">
    <subfield code="a">Arles :</subfield>
    <subfield code="b">Actes sud ;</subfield>
    <subfield code="a">Diff. Bruxelles :</subfield>
    <subfield code="b">Labor ;</subfield>
    <subfield code="a">Lausanne :</subfield>
    <subfield code="b">L&apos;Aire ;</subfield>
    <subfield code="a">Montréal :</subfield>
    <subfield code="b">Leméac...</subfield>
  </datafield>
  <datafield tag="336" ind1=" " ind2=" ">
    <subfield code="b">txt</subfield>
    <subfield code="2">rdacontent</subfield>
  </datafield>
  <datafield tag="337" ind1=" " ind2=" ">
    <subfield code="b">n</subfield>
    <subfield code="2">rdamedia</subfield>
  </datafield>
  <datafield tag="338" ind1=" " ind2=" ">
    <subfield code="b">nc</subfield>
    <subfield code="2">rdacarrier</subfield>
  </datafield>
  <datafield tag="500" ind1=" " ind2=" ">
    <subfield code="a">Dans cette collection les sous-séries ne sont pas cataloguées séparément, telles que Babel noir, Les épistolaires, Révolutions, Répliques</subfield>
  </datafield>
  <datafield tag="730" ind1="0" ind2=" ">
    <subfield code="a">Babel.</subfield>
    <subfield code="p">Labor</subfield>
  </datafield>
  <datafield tag="730" ind1="0" ind2=" ">
    <subfield code="a">Babel.</subfield>
    <subfield code="p">Leméac</subfield>
  </datafield>
  <datafield tag="730" ind1="0" ind2=" ">
    <subfield code="a">Babel.</subfield>
    <subfield code="p">L&apos;Aire</subfield>
  </datafield>
  <datafield tag="957" ind1=" " ind2=" ">
    <subfield code="a">geveth</subfield>
  </datafield>
  <datafield tag="962" ind1=" " ind2=" ">
    <subfield code="a">nebpun</subfield>
  </datafield>
  <datafield tag="973" ind1=" " ind2=" ">
    <subfield code="a">vsbcvs</subfield>
  </datafield>
</record>