
<record>
  <leader>02276nam a2200529 a 4500</leader>
  <controlfield tag="001">REROILS:218</controlfield>
  <controlfield tag="005">20190819112700.0</controlfield>
  <controlfield tag="008">000717m19582016gw |||||| ||||00|| |lat d</controlfield>
  <datafield tag="020" ind1=" " ind2=" ">
    <subfield code="a">9783775203005</subfield>
  </datafield>
  <datafield tag="035" ind1=" " ind2=" ">
    <subfield code="a">0069759</subfield>
  </datafield>
  <datafield tag="039" ind1=" " ind2=" ">
    <subfield code="b">9400</subfield>
  </datafield>
  <datafield tag="039" ind1=" " ind2="7">
    <subfield code="b">3309</subfield>
    <subfield code="b">9500</subfield>
    <subfield code="b">0013</subfield>
  </datafield>
  <datafield tag="039" ind1=" " ind2="9">
    <subfield code="a">201908191127</subfield>
    <subfield code="b">VLOAD</subfield>
    <subfield code="c">201811070822</subfield>
    <subfield code="d">VLOAD</subfield>
    <subfield code="c">201802021034</subfield>
    <subfield code="d">9577</subfield>
    <subfield code="c">201706101238</subfield>
    <subfield code="d">VLOAD</subfield>
    <subfield code="y">1999022711400000</subfield>
    <subfield code="z">load</subfield>
  </datafield>
  <datafield tag="040" ind1=" " ind2=" ">
    <subfield code="a">RERO</subfield>
  </datafield>
  <datafield tag="072" ind1=" " ind2="7">
    <subfield code="a">s1hm</subfield>
    <subfield code="2">rero</subfield>
  </datafield>
  <datafield tag="100" ind1="0" ind2=" ">
    <subfield code="0">(RERO)A005463681</subfield>
    <subfield code="a">Alexander,</subfield>
    <subfield code="c">von Roes</subfield>
    <subfield code="4">cre</subfield>
  </datafield>
  <datafield tag="245" ind1="1" ind2="4">
    <subfield code="a">Die Schriften des Alexander von Roes und des Engelbert von Admont</subfield>
  </datafield>
  <datafield tag="264" ind1=" " ind2="1">
    <subfield code="a">Stuttgart [etc.] :</subfield>
    <subfield code="b">A. Hiersemann [etc.],</subfield>
    <subfield code="c">1958-2016</subfield>
  </datafield>
  <datafield tag="300" ind1=" " ind2=" ">
    <subfield code="a">3 vol. ;</subfield>
    <subfield code="c">27 cm</subfield>
  </datafield>
  <datafield tag="336" ind1=" " ind2=" ">
    <subfield code="b">txt</subfield>
    <subfield code="2">rdacontent</subfield>
  </datafield>
  <datafield tag="337" ind1=" " ind2=" ">
    <subfield code="b">n</subfield>
    <subfield code="2">rdamedia</subfield>
  </datafield>
  <datafield tag="338" ind1=" " ind2=" ">
    <subfield code="b">nc</subfield>
    <subfield code="2">rdacarrier</subfield>
  </datafield>
  <datafield tag="490" ind1="1" ind2=" ">
    <subfield code="a">Monumenta Germaniae historica. Staatsschriften des spaeteren Mittelalters</subfield>
    <subfield code="v">Bd. 1</subfield>
  </datafield>
  <datafield tag="505" ind1="0" ind2=" ">
    <subfield code="a">Teil 1 : Schriften / Alexander von Roes ; hrsg. von Herbert Grundmann und Hermann Heimpel. - Stuttgart : Hiersemann, 1958. - 208, 23 p.</subfield>
  </datafield>
  <datafield tag="505" ind1="0" ind2=" ">
    <subfield code="a">Teil 2 : Speculum virtutum / Engelbert von Admont ; hrsg. von Karl Ubl. - Hannover : Hahnsche Buchhandlung, 2004. - VIII, 522 p.</subfield>
  </datafield>
  <datafield tag="505" ind1="0" ind2=" ">
    <subfield code="a">Teil 3 : De ortu et fine Romani imperii / Engelbert von Admont ; hrsg. von Herbert Schneider ... . - Wiesbaden : Harrassowitz Verlag, 2016. - XXXVIII, 262 p.</subfield>
  </datafield>
  <datafield tag="600" ind1="0" ind2="7">
    <subfield code="0">(RERO)A009955516</subfield>
    <subfield code="a">Alexander</subfield>
    <subfield code="c">(von Roes)</subfield>
    <subfield code="2">rero</subfield>
    <subfield code="9">fre</subfield>
  </datafield>
  <datafield tag="600" ind1="0" ind2="7">
    <subfield code="0">(RERO)A010079000</subfield>
    <subfield code="a">Engelbert</subfield>
    <subfield code="c">(von Admont)</subfield>
    <subfield code="2">rero</subfield>
    <subfield code="9">fre</subfield>
  </datafield>
  <datafield tag="600" ind1="0" ind2="7">
    <subfield code="0">(RERO)A009955516</subfield>
    <subfield code="a">Alexander</subfield>
    <subfield code="c">(von Roes)</subfield>
    <subfield code="2">rero</subfield>
  </datafield>
  <datafield tag="655" ind1=" " ind2="7">
    <subfield code="0">(RERO)A021110424</subfield>
    <subfield code="a">[Éditions]</subfield>
    <subfield code="2">rero</subfield>
  </datafield>
  <datafield tag="700" ind1="0" ind2=" ">
    <subfield code="0">(RERO)A005491222</subfield>
    <subfield code="a">Engelbertus,</subfield>
    <subfield code="c">Admontensis</subfield>
  </datafield>
  <datafield tag="700" ind1="1" ind2=" ">
    <subfield code="0">(RERO)A003325134</subfield>
    <subfield code="a">Grundmann, Herbert</subfield>
  </datafield>
  <datafield tag="700" ind1="1" ind2=" ">
    <subfield code="0">(RERO)A003359022</subfield>
    <subfield code="a">Heimpel, Hermann</subfield>
  </datafield>
  <datafield tag="700" ind1="1" ind2=" ">
    <subfield code="0">(RERO)A006320808</subfield>
    <subfield code="a">Ubl, Karl</subfield>
  </datafield>
  <datafield tag="700" ind1="0" ind2=" ">
    <subfield code="0">(RERO)A003803144</subfield>
    <subfield code="a">Schneider, Herbert</subfield>
  </datafield>
  <datafield tag="830" ind1=" " ind2="0">
    <subfield code="a">Staatsschriften des späteren Mittelalters</subfield>
    <subfield code="v">1</subfield>
  </datafield>
  <datafield tag="904" ind1=" " ind2=" ">
    <subfield code="a">bpunfar</subfield>
    <subfield code="b">0506</subfield>
    <subfield code="c">14fg</subfield>
  </datafield>
  <datafield tag="904" ind1=" " ind2=" ">
    <subfield code="a">bpunfar2</subfield>
    <subfield code="b">1606</subfield>
    <subfield code="c">14fg</subfield>
  </datafield>
  <datafield tag="919" ind1=" " ind2=" ">
    <subfield code="9">600 07</subfield>
    <subfield code="a">Alexander</subfield>
    <subfield code="c">(von Roes)</subfield>
    <subfield code="2">chrero</subfield>
  </datafield>
  <datafield tag="956" ind1=" " ind2=" ">
    <subfield code="a">frbcuc</subfield>
  </datafield>
  <datafield tag="957" ind1=" " ind2=" ">
    <subfield code="a">gevbge</subfield>
  </datafield>
  <datafield tag="962" ind1=" " ind2=" ">
    <subfield code="a">nebpun</subfield>
  </datafield>
  <datafield tag="981" ind1=" " ind2=" ">
    <subfield code="2">SHMA</subfield>
    <subfield code="a">EB</subfield>
  </datafield>
  <datafield tag="981" ind1=" " ind2=" ">
    <subfield code="2">SL</subfield>
    <subfield code="a">JC</subfield>
  </datafield>
  <datafield tag="981" ind1=" " ind2=" ">
    <subfield code="2">IEM</subfield>
    <subfield code="a">YB</subfield>
  </datafield>
  <datafield tag="992" ind1=" " ind2=" ">
    <subfield code="a">BGE GD 1789 C 2/1/1</subfield>
    <subfield code="x">ge/vbge/a/50/1681</subfield>
  </datafield>
  <datafield tag="994" ind1=" " ind2=" ">
    <subfield code="a">BPUN PT 267/1/1-3</subfield>
    <subfield code="x">ne/bpun/a/1958-2016/453-2005/586</subfield>
  </datafield>
</record>