
<record>
  <leader>02117nam a22003492a 4500</leader>
  <controlfield tag="001">REROILS:219</controlfield>
  <controlfield tag="005">20180403163900.0</controlfield>
  <controlfield tag="008">110218s2002    fr ||| |  ||||00|  |fre d</controlfield>
  <datafield tag="019" ind1=" " ind2=" ">
    <subfield code="a">Notice créée dans le cadre de la migration de la BM Delémont</subfield>
    <subfield code="9">jubmdj/04.2011</subfield>
  </datafield>
  <datafield tag="020" ind1=" " ind2=" ">
    <subfield code="a">9782742737444</subfield>
  </datafield>
  <datafield tag="024" ind1="7" ind2=" ">
    <subfield code="a">http://catalogue.bnf.fr/ark:/12148/cb388235878</subfield>
    <subfield code="2">uri</subfield>
  </datafield>
  <datafield tag="035" ind1=" " ind2=" ">
    <subfield code="a">R006032621</subfield>
  </datafield>
  <datafield tag="039" ind1=" " ind2="9">
    <subfield code="a">201804031639</subfield>
    <subfield code="b">VLOAD</subfield>
    <subfield code="c">201709191541</subfield>
    <subfield code="d">VLOAD</subfield>
    <subfield code="c">201707281555</subfield>
    <subfield code="d">VLOAD</subfield>
    <subfield code="c">201705301333</subfield>
    <subfield code="d">VLOAD</subfield>
    <subfield code="y">201106171547</subfield>
    <subfield code="z">VLOAD</subfield>
  </datafield>
  <datafield tag="040" ind1=" " ind2=" ">
    <subfield code="a">RERO jubmdj</subfield>
  </datafield>
  <datafield tag="072" ind1=" " ind2="7">
    <subfield code="a">s1fr</subfield>
    <subfield code="2">rero</subfield>
  </datafield>
  <datafield tag="100" ind1="1" ind2=" ">
    <subfield code="0">(RERO)A008816875</subfield>
    <subfield code="a">Laborde, Chantal</subfield>
    <subfield code="4">cre</subfield>
  </datafield>
  <datafield tag="245" ind1="1" ind2="0">
    <subfield code="a">Ma mère est une voyante /</subfield>
    <subfield code="c">Chantal Laborde, Benjamin Bachelier</subfield>
  </datafield>
  <datafield tag="264" ind1=" " ind2="1">
    <subfield code="a">Arles :</subfield>
    <subfield code="b">Actes sud,</subfield>
    <subfield code="c">2002</subfield>
  </datafield>
  <datafield tag="300" ind1=" " ind2=" ">
    <subfield code="a">93 p. :</subfield>
    <subfield code="b">ill. ;</subfield>
    <subfield code="c">18 cm</subfield>
  </datafield>
  <datafield tag="336" ind1=" " ind2=" ">
    <subfield code="b">txt</subfield>
    <subfield code="2">rdacontent</subfield>
  </datafield>
  <datafield tag="337" ind1=" " ind2=" ">
    <subfield code="b">n</subfield>
    <subfield code="2">rdamedia</subfield>
  </datafield>
  <datafield tag="338" ind1=" " ind2=" ">
    <subfield code="b">nc</subfield>
    <subfield code="2">rdacarrier</subfield>
  </datafield>
  <datafield tag="490" ind1="0" ind2=" ">
    <subfield code="a">Les Premiers romans. Cadet</subfield>
  </datafield>
  <datafield tag="520" ind1="8" ind2=" ">
    <subfield code="a">C&apos;est écrit sur une belle plaque de cuivre fixée sur la porte d&apos;entrée : &quot; Estelle Labory - Voyante extra-lucide. &quot; La visiteuse avait à peu près mon âge et elle était plutôt mignonne. Elle lançait des coups d&apos;oeil inquiets derrière mon épaule. Elle indiqua finalement la plaque sur la porte. - Je viens voir Estelle Labory. J&apos;ai rendez-vous. Je m&apos;appelle Laura Mayeux. En la voyant, ma mère allait avoir une attaque...</subfield>
    <subfield code="9">vdcopp/01.2015</subfield>
  </datafield>
  <datafield tag="520" ind1="8" ind2=" ">
    <subfield code="a">Pimprenelle a une mère voyante ! En fait, Estelle           écoute ses clients avec beaucoup d&apos;attention, les           encourage et les console. Un jour, une certaine             Laura vient pour une consultation. Mais, il                 s&apos;agit de la fille de Julien, le nouvel amoureux            d&apos;Estelle. Leux deux filles décident alors de               comploter pour faire échouer cette relation qui             les prive de leurs parents respectifs.</subfield>
    <subfield code="9">vdpril/08.2015</subfield>
  </datafield>
  <datafield tag="521" ind1=" " ind2=" ">
    <subfield code="a">Enfants (9-12 ans)</subfield>
    <subfield code="9">vdstec/03.2012</subfield>
  </datafield>
  <datafield tag="700" ind1="1" ind2=" ">
    <subfield code="0">(RERO)A006348557</subfield>
    <subfield code="a">Bachelier, Benjamin</subfield>
  </datafield>
  <datafield tag="904" ind1=" " ind2=" ">
    <subfield code="a">jubmdjre op115747</subfield>
  </datafield>
  <datafield tag="919" ind1=" " ind2=" ">
    <subfield code="a">famille recomposée</subfield>
    <subfield code="2">vschab</subfield>
  </datafield>
  <datafield tag="919" ind1=" " ind2=" ">
    <subfield code="a">fiction</subfield>
    <subfield code="2">vschab</subfield>
  </datafield>
  <datafield tag="919" ind1=" " ind2=" ">
    <subfield code="a">parent // enfant</subfield>
    <subfield code="2">vschab</subfield>
  </datafield>
  <datafield tag="960" ind1=" " ind2=" ">
    <subfield code="a">jubmdj</subfield>
  </datafield>
</record>