
<record>
  <leader>00972nam a2200289 a 4500</leader>
  <controlfield tag="001">REROILS:221</controlfield>
  <controlfield tag="005">20170517120000.0</controlfield>
  <controlfield tag="008">910330s1983    ja |||||| ||||00|| |jpn d</controlfield>
  <datafield tag="020" ind1=" " ind2=" ">
    <subfield code="a">9784641023314</subfield>
  </datafield>
  <datafield tag="035" ind1=" " ind2=" ">
    <subfield code="a">1359193</subfield>
  </datafield>
  <datafield tag="039" ind1=" " ind2="9">
    <subfield code="a">201705171200</subfield>
    <subfield code="b">VLOAD</subfield>
    <subfield code="c">201111161338</subfield>
    <subfield code="d">8705</subfield>
    <subfield code="c">200812221930</subfield>
    <subfield code="d">VLOAD</subfield>
    <subfield code="c">200606062022</subfield>
    <subfield code="d">VLOAD</subfield>
    <subfield code="y">1999022817430000</subfield>
    <subfield code="z">load</subfield>
  </datafield>
  <datafield tag="040" ind1=" " ind2=" ">
    <subfield code="a">RERO laisdc</subfield>
  </datafield>
  <datafield tag="072" ind1=" " ind2="7">
    <subfield code="a">s1or</subfield>
    <subfield code="2">rero</subfield>
  </datafield>
  <datafield tag="072" ind1=" " ind2="7">
    <subfield code="a">s2dr</subfield>
    <subfield code="2">rero</subfield>
  </datafield>
  <datafield tag="245" ind1="0" ind2="0">
    <subfield code="a">Hōritsu ronbun no kangaekata, kakikata /</subfield>
    <subfield code="c">Toshio Hironaka, Kiyoshi Igarashi</subfield>
  </datafield>
  <datafield tag="264" ind1=" " ind2="1">
    <subfield code="a">Tōkyō :</subfield>
    <subfield code="b">Yuhikaku,</subfield>
    <subfield code="c">1983</subfield>
  </datafield>
  <datafield tag="300" ind1=" " ind2=" ">
    <subfield code="a">IV, 252 p. ;</subfield>
    <subfield code="c">20 cm</subfield>
  </datafield>
  <datafield tag="336" ind1=" " ind2=" ">
    <subfield code="b">txt</subfield>
    <subfield code="2">rdacontent</subfield>
  </datafield>
  <datafield tag="337" ind1=" " ind2=" ">
    <subfield code="b">n</subfield>
    <subfield code="2">rdamedia</subfield>
  </datafield>
  <datafield tag="338" ind1=" " ind2=" ">
    <subfield code="b">nc</subfield>
    <subfield code="2">rdacarrier</subfield>
  </datafield>
  <datafield tag="490" ind1="1" ind2=" ">
    <subfield code="a">Yūhikaku sensho; R</subfield>
  </datafield>
  <datafield tag="500" ind1=" " ind2=" ">
    <subfield code="a">Titre en français: Techniques redactionnelles de la thèse de doctorat en droit</subfield>
  </datafield>
  <datafield tag="700" ind1="1" ind2=" ">
    <subfield code="0">(RERO)A000080477</subfield>
    <subfield code="a">Hironaka, Toshio,</subfield>
    <subfield code="d">1926-</subfield>
  </datafield>
  <datafield tag="830" ind1=" " ind2="0">
    <subfield code="a">Yūhikaku sensho</subfield>
  </datafield>
  <datafield tag="953" ind1=" " ind2=" ">
    <subfield code="a">ifisdc</subfield>
  </datafield>
  <datafield tag="980" ind1=" " ind2=" ">
    <subfield code="2">dr-sys</subfield>
    <subfield code="a">A 1 a</subfield>
  </datafield>
  <datafield tag="983" ind1=" " ind2=" ">
    <subfield code="2">isdc</subfield>
    <subfield code="a">A 1 a JAP/HIR 1983</subfield>
  </datafield>
</record>