
<record>
  <leader>01397nas a2200397 a 4500</leader>
  <controlfield tag="001">REROILS:223</controlfield>
  <controlfield tag="005">20190328114200.0</controlfield>
  <controlfield tag="008">970618d19952019fr |||p|  ||||0 |  0fre d</controlfield>
  <datafield tag="022" ind1=" " ind2=" ">
    <subfield code="a">1269-0732</subfield>
  </datafield>
  <datafield tag="035" ind1=" " ind2=" ">
    <subfield code="a">R215832460</subfield>
  </datafield>
  <datafield tag="039" ind1=" " ind2=" ">
    <subfield code="b">1001</subfield>
    <subfield code="b">3313</subfield>
    <subfield code="b">1000</subfield>
    <subfield code="b">8041i</subfield>
    <subfield code="b">6007</subfield>
    <subfield code="b">6023</subfield>
  </datafield>
  <datafield tag="039" ind1=" " ind2="9">
    <subfield code="a">201903281142</subfield>
    <subfield code="b">0056</subfield>
    <subfield code="c">201811161855</subfield>
    <subfield code="d">VLOAD</subfield>
    <subfield code="c">201706101908</subfield>
    <subfield code="d">VLOAD</subfield>
    <subfield code="c">201703220925</subfield>
    <subfield code="d">1548</subfield>
    <subfield code="y">1999030118250000</subfield>
    <subfield code="z">load0010</subfield>
  </datafield>
  <datafield tag="040" ind1=" " ind2=" ">
    <subfield code="a">RERO vsbcvs</subfield>
  </datafield>
  <datafield tag="072" ind1=" " ind2="7">
    <subfield code="a">s1fr</subfield>
    <subfield code="2">rero</subfield>
  </datafield>
  <datafield tag="130" ind1="0" ind2=" ">
    <subfield code="a">Conférence.</subfield>
    <subfield code="g">Meaux.</subfield>
    <subfield code="f">1995-2019</subfield>
  </datafield>
  <datafield tag="245" ind1="0" ind2="0">
    <subfield code="a">Conférence :</subfield>
    <subfield code="b">[revue semestrielle]</subfield>
  </datafield>
  <datafield tag="246" ind1="3" ind2=" ">
    <subfield code="a">Conférence</subfield>
  </datafield>
  <datafield tag="264" ind1=" " ind2="1">
    <subfield code="a">Meaux :</subfield>
    <subfield code="b">Conférence</subfield>
  </datafield>
  <datafield tag="336" ind1=" " ind2=" ">
    <subfield code="b">txt</subfield>
    <subfield code="2">rdacontent</subfield>
  </datafield>
  <datafield tag="337" ind1=" " ind2=" ">
    <subfield code="b">n</subfield>
    <subfield code="2">rdamedia</subfield>
  </datafield>
  <datafield tag="338" ind1=" " ind2=" ">
    <subfield code="b">nc</subfield>
    <subfield code="2">rdacarrier</subfield>
  </datafield>
  <datafield tag="362" ind1="0" ind2=" ">
    <subfield code="a">No 1(automne 1995)-no 47(hiver 2018/printemps 2019)</subfield>
  </datafield>
  <datafield tag="520" ind1="8" ind2=" ">
    <subfield code="a">Avec de nombreuses contributions [ poèmes et proses] d&apos;écrivains vaudois</subfield>
    <subfield code="9">labcur/bs/08.2011</subfield>
  </datafield>
  <datafield tag="650" ind1=" " ind2="7">
    <subfield code="0">(RERO)A021003423</subfield>
    <subfield code="a">Art</subfield>
    <subfield code="2">rero</subfield>
  </datafield>
  <datafield tag="650" ind1=" " ind2="7">
    <subfield code="0">(RERO)A021096942</subfield>
    <subfield code="a">Littérature</subfield>
    <subfield code="2">rero</subfield>
  </datafield>
  <datafield tag="650" ind1=" " ind2="7">
    <subfield code="0">(RERO)A021097515</subfield>
    <subfield code="a">Poésie</subfield>
    <subfield code="2">rero</subfield>
  </datafield>
  <datafield tag="655" ind1=" " ind2="7">
    <subfield code="0">(RERO)A021002597</subfield>
    <subfield code="a">[Périodiques]</subfield>
    <subfield code="2">rero</subfield>
  </datafield>
  <datafield tag="919" ind1=" " ind2=" ">
    <subfield code="9">650 _7</subfield>
    <subfield code="a">art</subfield>
    <subfield code="v">[périodique]</subfield>
    <subfield code="2">chrero</subfield>
  </datafield>
  <datafield tag="919" ind1=" " ind2=" ">
    <subfield code="9">650 _7</subfield>
    <subfield code="a">littérature</subfield>
    <subfield code="v">[périodique]</subfield>
    <subfield code="2">chrero</subfield>
  </datafield>
  <datafield tag="919" ind1=" " ind2=" ">
    <subfield code="9">650 _7</subfield>
    <subfield code="a">poésie</subfield>
    <subfield code="v">[périodique]</subfield>
    <subfield code="2">chrero</subfield>
  </datafield>
  <datafield tag="956" ind1=" " ind2=" ">
    <subfield code="a">frbcuc</subfield>
  </datafield>
  <datafield tag="957" ind1=" " ind2=" ">
    <subfield code="a">gevbge</subfield>
  </datafield>
  <datafield tag="962" ind1=" " ind2=" ">
    <subfield code="a">nebpun</subfield>
  </datafield>
  <datafield tag="973" ind1=" " ind2=" ">
    <subfield code="a">vsbcvs vsbasm</subfield>
  </datafield>
  <datafield tag="992" ind1=" " ind2=" ">
    <subfield code="a">BGE RB 2594</subfield>
    <subfield code="x">ge/vbge/a/97/5634</subfield>
  </datafield>
  <datafield tag="994" ind1=" " ind2=" ">
    <subfield code="a">PU 902</subfield>
    <subfield code="x">ne/bpun/a</subfield>
  </datafield>
</record>