
<record>
  <leader>01478nam a2200373 a 4500</leader>
  <controlfield tag="001">REROILS:224</controlfield>
  <controlfield tag="005">20170518114800.0</controlfield>
  <controlfield tag="008">000918s2000    fr |||||| ||||00|  |fre d</controlfield>
  <datafield tag="020" ind1=" " ind2=" ">
    <subfield code="a">9782258053212</subfield>
  </datafield>
  <datafield tag="024" ind1="7" ind2=" ">
    <subfield code="a">http://catalogue.bnf.fr/ark:/12148/cb37105715p</subfield>
    <subfield code="2">uri</subfield>
  </datafield>
  <datafield tag="035" ind1=" " ind2=" ">
    <subfield code="a">R269462860</subfield>
  </datafield>
  <datafield tag="039" ind1=" " ind2=" ">
    <subfield code="b">3514</subfield>
    <subfield code="b">3521c</subfield>
  </datafield>
  <datafield tag="039" ind1=" " ind2="9">
    <subfield code="a">201705181148</subfield>
    <subfield code="b">VLOAD</subfield>
    <subfield code="c">201607121431</subfield>
    <subfield code="d">3554</subfield>
    <subfield code="c">200812211904</subfield>
    <subfield code="d">VLOAD</subfield>
    <subfield code="c">200605290325</subfield>
    <subfield code="d">VLOAD</subfield>
    <subfield code="y">200009181702</subfield>
    <subfield code="z">VLOAD</subfield>
  </datafield>
  <datafield tag="040" ind1=" " ind2=" ">
    <subfield code="a">RERO necfbv</subfield>
  </datafield>
  <datafield tag="041" ind1="1" ind2=" ">
    <subfield code="a">fre</subfield>
    <subfield code="h">eng</subfield>
  </datafield>
  <datafield tag="072" ind1=" " ind2="7">
    <subfield code="a">s1an</subfield>
    <subfield code="2">rero</subfield>
  </datafield>
  <datafield tag="100" ind1="1" ind2=" ">
    <subfield code="0">(RERO)A003043555</subfield>
    <subfield code="a">Brin, David</subfield>
    <subfield code="4">cre</subfield>
  </datafield>
  <datafield tag="245" ind1="1" ind2="3">
    <subfield code="a">Le triomphe de Fondation /</subfield>
    <subfield code="c">David Brin ; trad. de Dominique Haas ; [d&apos;après l&apos;oeuvre de Isaac Asimov]</subfield>
  </datafield>
  <datafield tag="264" ind1=" " ind2="1">
    <subfield code="a">[Paris] :</subfield>
    <subfield code="b">Presses de la Cité,</subfield>
    <subfield code="c">2000</subfield>
  </datafield>
  <datafield tag="300" ind1=" " ind2=" ">
    <subfield code="a">448 p. ;</subfield>
    <subfield code="c">23 cm</subfield>
  </datafield>
  <datafield tag="336" ind1=" " ind2=" ">
    <subfield code="b">txt</subfield>
    <subfield code="2">rdacontent</subfield>
  </datafield>
  <datafield tag="337" ind1=" " ind2=" ">
    <subfield code="b">n</subfield>
    <subfield code="2">rdamedia</subfield>
  </datafield>
  <datafield tag="338" ind1=" " ind2=" ">
    <subfield code="b">nc</subfield>
    <subfield code="2">rdacarrier</subfield>
  </datafield>
  <datafield tag="490" ind1="1" ind2=" ">
    <subfield code="a">Roman</subfield>
  </datafield>
  <datafield tag="500" ind1=" " ind2=" ">
    <subfield code="a">Traduit de: Foundation&apos;s triumph</subfield>
  </datafield>
  <datafield tag="500" ind1=" " ind2=" ">
    <subfield code="a">Troisième vol. d&apos;une trilogie inspirée par le Cycle de Fondation d&apos;Isaac Asimov; le premier vol., &quot;Fondation en péril&quot;, est dû à Gregory Benford ; le deuxième vol., &quot;Fondation et chaos&quot;, est dû à Greg Bear</subfield>
  </datafield>
  <datafield tag="520" ind1="8" ind2=" ">
    <subfield code="a">Roman de science-fiction (space opera)</subfield>
    <subfield code="9">necfbv/05.2000/3521</subfield>
  </datafield>
  <datafield tag="700" ind1="1" ind2=" ">
    <subfield code="0">(RERO)A003337301</subfield>
    <subfield code="a">Haas, Dominique</subfield>
  </datafield>
  <datafield tag="830" ind1=" " ind2="0">
    <subfield code="a">Romans.</subfield>
    <subfield code="p">Presses de la Cité</subfield>
  </datafield>
  <datafield tag="904" ind1=" " ind2=" ">
    <subfield code="a">neroan</subfield>
  </datafield>
  <datafield tag="904" ind1=" " ind2=" ">
    <subfield code="a">bpunlp</subfield>
    <subfield code="b">0005</subfield>
    <subfield code="c">25</subfield>
  </datafield>
  <datafield tag="962" ind1=" " ind2=" ">
    <subfield code="a">necfbv</subfield>
  </datafield>
  <datafield tag="994" ind1=" " ind2=" ">
    <subfield code="a">CFV BRIN T</subfield>
    <subfield code="x">--</subfield>
  </datafield>
  <datafield tag="994" ind1=" " ind2=" ">
    <subfield code="a">An BRIN Tri</subfield>
    <subfield code="x">ne/bpup/a/743/2000 [Perdu en 2006.]</subfield>
  </datafield>
</record>