
<record>
  <leader>01785njm a2200493 a 4500</leader>
  <controlfield tag="001">REROILS:225</controlfield>
  <controlfield tag="005">20191209162600.0</controlfield>
  <controlfield tag="007">s|</controlfield>
  <controlfield tag="008">170502s2017    gw ||| |  ||||  |  |eng d</controlfield>
  <datafield tag="024" ind1="7" ind2=" ">
    <subfield code="a">00028947969525</subfield>
    <subfield code="2">gtin-14</subfield>
  </datafield>
  <datafield tag="028" ind1="0" ind2="2">
    <subfield code="a">479 6952</subfield>
    <subfield code="b">Deutsche Grammophon</subfield>
  </datafield>
  <datafield tag="028" ind1="0" ind2="2">
    <subfield code="a">028947969525</subfield>
  </datafield>
  <datafield tag="035" ind1=" " ind2=" ">
    <subfield code="a">R008637434</subfield>
  </datafield>
  <datafield tag="039" ind1=" " ind2="9">
    <subfield code="a">201912091626</subfield>
    <subfield code="b">7951</subfield>
    <subfield code="c">201902151214</subfield>
    <subfield code="d">VLOAD</subfield>
    <subfield code="c">201705201051</subfield>
    <subfield code="d">VLOAD</subfield>
    <subfield code="c">201705031255</subfield>
    <subfield code="d">1323</subfield>
    <subfield code="y">201705020834</subfield>
    <subfield code="z">1030</subfield>
  </datafield>
  <datafield tag="040" ind1=" " ind2=" ">
    <subfield code="a">BTCTA</subfield>
    <subfield code="b">ger</subfield>
    <subfield code="e">rda</subfield>
    <subfield code="d">SzZuIDS NEBIS ZHDK-MIZ</subfield>
    <subfield code="d">RERO vsbcvs</subfield>
  </datafield>
  <datafield tag="050" ind1=" " ind2="0">
    <subfield code="a">M1045.R53</subfield>
    <subfield code="b">T57 2017</subfield>
  </datafield>
  <datafield tag="072" ind1=" " ind2="7">
    <subfield code="a">s1mu</subfield>
    <subfield code="2">rero</subfield>
  </datafield>
  <datafield tag="082" ind1="0" ind2="4">
    <subfield code="a">785.28</subfield>
    <subfield code="2">23</subfield>
  </datafield>
  <datafield tag="100" ind1="1" ind2=" ">
    <subfield code="0">(RERO)A014219939</subfield>
    <subfield code="a">Richter, Max,</subfield>
    <subfield code="c">musicien</subfield>
    <subfield code="4">cre</subfield>
  </datafield>
  <datafield tag="245" ind1="1" ind2="0">
    <subfield code="a">Three worlds :</subfield>
    <subfield code="b">music from Woolf works /</subfield>
    <subfield code="c">Max Richter</subfield>
  </datafield>
  <datafield tag="264" ind1=" " ind2="1">
    <subfield code="a">Berlin :</subfield>
    <subfield code="b">Deutsche Grammophon,</subfield>
    <subfield code="c">2017</subfield>
  </datafield>
  <datafield tag="264" ind1=" " ind2="4">
    <subfield code="c">© 2017</subfield>
  </datafield>
  <datafield tag="300" ind1=" " ind2=" ">
    <subfield code="a">1 disque compact +</subfield>
    <subfield code="e">1 livret</subfield>
  </datafield>
  <datafield tag="336" ind1=" " ind2=" ">
    <subfield code="b">prm</subfield>
    <subfield code="2">rdacontent</subfield>
  </datafield>
  <datafield tag="337" ind1=" " ind2=" ">
    <subfield code="b">s</subfield>
    <subfield code="2">rdamedia</subfield>
  </datafield>
  <datafield tag="338" ind1=" " ind2=" ">
    <subfield code="b">sd</subfield>
    <subfield code="2">rdacarrier</subfield>
  </datafield>
  <datafield tag="500" ind1=" " ind2=" ">
    <subfield code="a">Inhalt: Mrs Dalloway ; Orlando ; The waves</subfield>
  </datafield>
  <datafield tag="511" ind1="0" ind2=" ">
    <subfield code="a">Interpreten: Max Richter (Kl, Synthesizer) ; Louisa Fuller, Natalia Bonner (Vl) ; John Metcalfe (Va) ; Ian Burdge, Chris Worsey (Vc) ; Deutsches Filmorchester Babelsberg ; Robert Ziegler (Dir.)</subfield>
  </datafield>
  <datafield tag="600" ind1="1" ind2="0">
    <subfield code="a">Woolf, Virginia</subfield>
    <subfield code="d">1882-1941</subfield>
    <subfield code="v">Musical settings</subfield>
  </datafield>
  <datafield tag="650" ind1=" " ind2="0">
    <subfield code="a">Ambient music</subfield>
  </datafield>
  <datafield tag="650" ind1=" " ind2="0">
    <subfield code="a">Chamber music</subfield>
    <subfield code="y">21st century</subfield>
  </datafield>
  <datafield tag="650" ind1=" " ind2="0">
    <subfield code="a">Orchestral music</subfield>
  </datafield>
  <datafield tag="650" ind1=" " ind2="0">
    <subfield code="a">Popular music</subfield>
    <subfield code="y">2001-2010</subfield>
  </datafield>
  <datafield tag="900" ind1=" " ind2="1">
    <subfield code="a">NEBIS</subfield>
    <subfield code="b">20170502</subfield>
    <subfield code="c">Droits réservés</subfield>
  </datafield>
  <datafield tag="906" ind1=" " ind2=" ">
    <subfield code="a">bcvs</subfield>
    <subfield code="b">2017/05</subfield>
    <subfield code="c">19</subfield>
  </datafield>
  <datafield tag="919" ind1=" " ind2=" ">
    <subfield code="a">21.Jh.</subfield>
    <subfield code="2">nebis E4</subfield>
  </datafield>
  <datafield tag="919" ind1=" " ind2=" ">
    <subfield code="a">Ambient</subfield>
    <subfield code="2">nebis E4</subfield>
  </datafield>
  <datafield tag="919" ind1=" " ind2=" ">
    <subfield code="a">Ballett (Ton)</subfield>
    <subfield code="2">nebis E4</subfield>
  </datafield>
  <datafield tag="919" ind1=" " ind2=" ">
    <subfield code="a">Deutschland</subfield>
    <subfield code="2">nebis E4</subfield>
  </datafield>
  <datafield tag="919" ind1=" " ind2=" ">
    <subfield code="a">Orchester (Ton)</subfield>
    <subfield code="2">nebis E4</subfield>
  </datafield>
  <datafield tag="919" ind1=" " ind2="7">
    <subfield code="a">CD</subfield>
    <subfield code="2">gnd-carrier</subfield>
  </datafield>
  <datafield tag="930" ind1=" " ind2=" ">
    <subfield code="a">(NEBIS) 010819289</subfield>
  </datafield>
  <datafield tag="973" ind1=" " ind2=" ">
    <subfield code="a">vsbcvs</subfield>
  </datafield>
  <datafield tag="986" ind1=" " ind2=" ">
    <subfield code="2">vs-pratcd</subfield>
    <subfield code="a">34 RICH</subfield>
  </datafield>
</record>