
<record>
  <leader>02380nam a2200457 a 4500</leader>
  <controlfield tag="001">REROILS:226</controlfield>
  <controlfield tag="005">20181208093600.0</controlfield>
  <controlfield tag="008">960525s1975    gr |||||| ||||00|| |gre d</controlfield>
  <datafield tag="035" ind1=" " ind2=" ">
    <subfield code="a">0103824</subfield>
  </datafield>
  <datafield tag="039" ind1=" " ind2="9">
    <subfield code="a">201812080936</subfield>
    <subfield code="b">VLOAD</subfield>
    <subfield code="c">201711250712</subfield>
    <subfield code="d">VLOAD</subfield>
    <subfield code="c">201706101339</subfield>
    <subfield code="d">VLOAD</subfield>
    <subfield code="c">201612130817</subfield>
    <subfield code="d">VLOAD</subfield>
    <subfield code="y">1999022712370000</subfield>
    <subfield code="z">load</subfield>
  </datafield>
  <datafield tag="040" ind1=" " ind2=" ">
    <subfield code="a">RERO</subfield>
  </datafield>
  <datafield tag="072" ind1=" " ind2="7">
    <subfield code="a">s1ar</subfield>
    <subfield code="2">rero</subfield>
  </datafield>
  <datafield tag="100" ind1="1" ind2=" ">
    <subfield code="0">(RERO)A000118573</subfield>
    <subfield code="6">880-01</subfield>
    <subfield code="a">Mylōnas, Geōrgios Emmanouēl</subfield>
    <subfield code="4">cre</subfield>
  </datafield>
  <datafield tag="245" ind1="1" ind2="3">
    <subfield code="6">880-02</subfield>
    <subfield code="a">To dytikon nekrotapheion tēs Eleusinos /</subfield>
    <subfield code="c">hypo Geōrgiou E. Mylona</subfield>
  </datafield>
  <datafield tag="246" ind1="3" ind2=" ">
    <subfield code="a">Dytikón nekrotafeíon ti̲s Elef̲sínos / ypó Geo̲rgíou E. Myloná</subfield>
  </datafield>
  <datafield tag="264" ind1=" " ind2="1">
    <subfield code="6">880-03</subfield>
    <subfield code="a">En Athi̲nais :</subfield>
    <subfield code="b">Archaiologiki̲ Etaireía,</subfield>
    <subfield code="c">1975</subfield>
  </datafield>
  <datafield tag="300" ind1=" " ind2=" ">
    <subfield code="a">3 vol. :</subfield>
    <subfield code="b">fig. ;</subfield>
    <subfield code="c">31 cm</subfield>
  </datafield>
  <datafield tag="336" ind1=" " ind2=" ">
    <subfield code="b">txt</subfield>
    <subfield code="2">rdacontent</subfield>
  </datafield>
  <datafield tag="337" ind1=" " ind2=" ">
    <subfield code="b">n</subfield>
    <subfield code="2">rdamedia</subfield>
  </datafield>
  <datafield tag="338" ind1=" " ind2=" ">
    <subfield code="b">nc</subfield>
    <subfield code="2">rdacarrier</subfield>
  </datafield>
  <datafield tag="490" ind1="1" ind2=" ">
    <subfield code="6">880-04</subfield>
    <subfield code="a">Vivliothi̲ki̲ ti̲s en Athi̲nais archaiologiki̲s etaireías</subfield>
    <subfield code="v">81</subfield>
  </datafield>
  <datafield tag="650" ind1=" " ind2="7">
    <subfield code="0">(RERO)A010122681</subfield>
    <subfield code="a">nécropole grecque antique</subfield>
    <subfield code="2">rerovoc</subfield>
  </datafield>
  <datafield tag="650" ind1=" " ind2="7">
    <subfield code="0">(RERO)A010172847</subfield>
    <subfield code="a">époque helladique</subfield>
    <subfield code="2">rerovoc</subfield>
  </datafield>
  <datafield tag="650" ind1=" " ind2="7">
    <subfield code="0">(RERO)A026994539</subfield>
    <subfield code="a">2600 av. J.-C.-410</subfield>
    <subfield code="2">rero</subfield>
  </datafield>
  <datafield tag="650" ind1=" " ind2="7">
    <subfield code="0">(RERO)A023803535</subfield>
    <subfield code="a">Epoque impériale romaine (Rome ; 30 av. J.-C.-476)</subfield>
    <subfield code="2">rero</subfield>
  </datafield>
  <datafield tag="650" ind1=" " ind2="7">
    <subfield code="0">(RERO)A027725675</subfield>
    <subfield code="a">Tombes grecques antiques</subfield>
    <subfield code="2">rero</subfield>
  </datafield>
  <datafield tag="651" ind1=" " ind2="7">
    <subfield code="0">(RERO)A009986579</subfield>
    <subfield code="a">Eleusis (Grèce)</subfield>
    <subfield code="2">rero</subfield>
  </datafield>
  <datafield tag="830" ind1=" " ind2="0">
    <subfield code="6">880-05</subfield>
    <subfield code="a">Vivliothēkē tēs en Athēnais Archaiologikēs Etaireias</subfield>
    <subfield code="v">81</subfield>
  </datafield>
  <datafield tag="880" ind1="1" ind2=" ">
    <subfield code="6">100-01/(S</subfield>
    <subfield code="a">Μυλωνάς, Γεώργιος Εμμανουήλ</subfield>
  </datafield>
  <datafield tag="880" ind1="1" ind2="3">
    <subfield code="6">245-02/(S</subfield>
    <subfield code="a">Το δυτικόν νεκροταφείον της Ελευσίνος /</subfield>
    <subfield code="c">υπό Γεωργίου Ε. Μυλωνά</subfield>
  </datafield>
  <datafield tag="880" ind1="1" ind2=" ">
    <subfield code="6">490-04/(S</subfield>
    <subfield code="a">Βιβλιοθήκη της εν Αθήναις αρχαιολογικής εταιρείας</subfield>
    <subfield code="v">81</subfield>
  </datafield>
  <datafield tag="880" ind1=" " ind2="0">
    <subfield code="6">830-05/(S</subfield>
    <subfield code="a">Βιβλιοθήκη της εν Αθήναις Αρχαιολογικής Εταιρείας</subfield>
    <subfield code="v">81</subfield>
  </datafield>
  <datafield tag="880" ind1=" " ind2="1">
    <subfield code="6">264-03/(S</subfield>
    <subfield code="a">Εν Αθήναις :</subfield>
    <subfield code="b">Αρχαιολογική Εταιρεία,</subfield>
    <subfield code="c">1975</subfield>
  </datafield>
  <datafield tag="900" ind1=" " ind2=" ">
    <subfield code="a">goala</subfield>
  </datafield>
  <datafield tag="919" ind1=" " ind2=" ">
    <subfield code="9">650 _7</subfield>
    <subfield code="a">nécropole grecque antique</subfield>
    <subfield code="z">Eleusis (Grèce)</subfield>
    <subfield code="y">époque helladique / époque impériale romaine</subfield>
    <subfield code="2">chrero</subfield>
  </datafield>
  <datafield tag="919" ind1=" " ind2=" ">
    <subfield code="9">650 _7</subfield>
    <subfield code="a">tombe grecque antique</subfield>
    <subfield code="z">Eleusis (Grèce)</subfield>
    <subfield code="y">époque helladique / époque impériale romaine</subfield>
    <subfield code="2">chrero</subfield>
  </datafield>
  <datafield tag="956" ind1=" " ind2=" ">
    <subfield code="a">frbcuc</subfield>
  </datafield>
  <datafield tag="957" ind1=" " ind2=" ">
    <subfield code="a">geulsa</subfield>
  </datafield>
  <datafield tag="981" ind1=" " ind2=" ">
    <subfield code="2">CDU</subfield>
    <subfield code="a">904(385):726</subfield>
  </datafield>
  <datafield tag="982" ind1=" " ind2=" ">
    <subfield code="2">ge-ulsa</subfield>
    <subfield code="a">AC:5*Eleusis</subfield>
  </datafield>
  <datafield tag="992" ind1=" " ind2=" ">
    <subfield code="a">BFLB 26703</subfield>
    <subfield code="x">ge/ulsa/a/78/flx 1979</subfield>
  </datafield>
</record>