
<record>
  <leader>01879nam a2200445 a 4500</leader>
  <controlfield tag="001">REROILS:21</controlfield>
  <controlfield tag="005">20190905200200.0</controlfield>
  <controlfield tag="008">000926s1999    it |||||| ||||00|  |ita d</controlfield>
  <datafield tag="020" ind1=" " ind2=" ">
    <subfield code="a">9788830708235</subfield>
  </datafield>
  <datafield tag="035" ind1=" " ind2=" ">
    <subfield code="a">R267742060</subfield>
  </datafield>
  <datafield tag="039" ind1=" " ind2=" ">
    <subfield code="b">0003</subfield>
    <subfield code="b">0113i</subfield>
    <subfield code="b">9500</subfield>
  </datafield>
  <datafield tag="039" ind1=" " ind2="9">
    <subfield code="a">201909052002</subfield>
    <subfield code="b">VLOAD</subfield>
    <subfield code="c">201808281132</subfield>
    <subfield code="d">VLOAD</subfield>
    <subfield code="c">201706111127</subfield>
    <subfield code="d">VLOAD</subfield>
    <subfield code="c">201605141123</subfield>
    <subfield code="d">VLOAD</subfield>
    <subfield code="y">200009261315</subfield>
    <subfield code="z">VLOAD</subfield>
  </datafield>
  <datafield tag="040" ind1=" " ind2=" ">
    <subfield code="a">RERO frbcuc</subfield>
  </datafield>
  <datafield tag="072" ind1=" " ind2="7">
    <subfield code="a">s1th</subfield>
    <subfield code="2">rero</subfield>
  </datafield>
  <datafield tag="100" ind1="1" ind2=" ">
    <subfield code="0">(RERO)A006104711</subfield>
    <subfield code="a">Morali, Ilaria</subfield>
    <subfield code="4">cre</subfield>
  </datafield>
  <datafield tag="245" ind1="1" ind2="3">
    <subfield code="a">La salvezza dei non cristiani :</subfield>
    <subfield code="b">l&apos;influsso di Henri de Lubac sulla dottrina del Vaticano II /</subfield>
    <subfield code="c">Ilaria Morali</subfield>
  </datafield>
  <datafield tag="264" ind1=" " ind2="1">
    <subfield code="a">Bologna :</subfield>
    <subfield code="b">E.M.I.,</subfield>
    <subfield code="c">1999</subfield>
  </datafield>
  <datafield tag="300" ind1=" " ind2=" ">
    <subfield code="a">364 p. ;</subfield>
    <subfield code="c">21 cm</subfield>
  </datafield>
  <datafield tag="336" ind1=" " ind2=" ">
    <subfield code="b">txt</subfield>
    <subfield code="2">rdacontent</subfield>
  </datafield>
  <datafield tag="337" ind1=" " ind2=" ">
    <subfield code="b">n</subfield>
    <subfield code="2">rdamedia</subfield>
  </datafield>
  <datafield tag="338" ind1=" " ind2=" ">
    <subfield code="b">nc</subfield>
    <subfield code="2">rdacarrier</subfield>
  </datafield>
  <datafield tag="490" ind1="1" ind2=" ">
    <subfield code="a">La missione. Sezione teologica</subfield>
  </datafield>
  <datafield tag="600" ind1="1" ind2="7">
    <subfield code="0">(RERO)A010199551</subfield>
    <subfield code="a">Lubac, Henri de</subfield>
    <subfield code="c">(cardinal) - influence exercée</subfield>
    <subfield code="2">rero</subfield>
  </datafield>
  <datafield tag="611" ind1="2" ind2="0">
    <subfield code="a">Vatican Council</subfield>
    <subfield code="n">(2nd :</subfield>
    <subfield code="d">1962-1965)</subfield>
  </datafield>
  <datafield tag="611" ind1="2" ind2="7">
    <subfield code="0">(RERO)A010067471</subfield>
    <subfield code="a">Concile de Vatican 2</subfield>
    <subfield code="d">(1962-1965) - influence reçue</subfield>
    <subfield code="2">rero</subfield>
  </datafield>
  <datafield tag="650" ind1=" " ind2="0">
    <subfield code="a">Universalism</subfield>
  </datafield>
  <datafield tag="650" ind1=" " ind2="7">
    <subfield code="0">(RERO)A021065136</subfield>
    <subfield code="a">Christianisme</subfield>
    <subfield code="2">rero</subfield>
  </datafield>
  <datafield tag="650" ind1=" " ind2="7">
    <subfield code="0">(RERO)A010124063</subfield>
    <subfield code="a">non-chrétien</subfield>
    <subfield code="2">rerovoc</subfield>
  </datafield>
  <datafield tag="650" ind1=" " ind2="7">
    <subfield code="0">(RERO)A021006088</subfield>
    <subfield code="a">Salut</subfield>
    <subfield code="2">rero</subfield>
  </datafield>
  <datafield tag="830" ind1=" " ind2="3">
    <subfield code="a">La missione</subfield>
    <subfield code="w">REROILS:22</subfield>
  </datafield>
  <datafield tag="919" ind1=" " ind2=" ">
    <subfield code="9">650 _7</subfield>
    <subfield code="a">christianisme</subfield>
    <subfield code="x">non-chrétien</subfield>
    <subfield code="x">salut (théologie)</subfield>
    <subfield code="2">chrero</subfield>
  </datafield>
  <datafield tag="919" ind1=" " ind2=" ">
    <subfield code="9">650 _7</subfield>
    <subfield code="a">salut (théologie)</subfield>
    <subfield code="x">Lubac, Henri de (cardinal) - influence exercée</subfield>
    <subfield code="x">Concile de Vatican 2 (1962-1965) - influence reçue</subfield>
    <subfield code="2">chrero</subfield>
  </datafield>
  <datafield tag="956" ind1=" " ind2=" ">
    <subfield code="a">frbcuc</subfield>
  </datafield>
  <datafield tag="957" ind1=" " ind2=" ">
    <subfield code="a">gewcc-</subfield>
  </datafield>
  <datafield tag="982" ind1=" " ind2=" ">
    <subfield code="0">(RERO)6A004389415</subfield>
    <subfield code="2">wccsh</subfield>
    <subfield code="a">Christianity and other religions</subfield>
    <subfield code="e">[LCSH]</subfield>
  </datafield>
  <datafield tag="982" ind1=" " ind2=" ">
    <subfield code="0">(RERO)6A004396025</subfield>
    <subfield code="2">wccsh</subfield>
    <subfield code="a">Universalism</subfield>
    <subfield code="e">[LCSH]</subfield>
  </datafield>
  <datafield tag="982" ind1=" " ind2=" ">
    <subfield code="0">(RERO)6A004396089</subfield>
    <subfield code="2">wccsh</subfield>
    <subfield code="a">Vatican Council (2nd : 1962-1965)</subfield>
    <subfield code="e">[LCSH]</subfield>
  </datafield>
  <datafield tag="982" ind1=" " ind2=" ">
    <subfield code="2">wccsh</subfield>
    <subfield code="a">Roman Catholic Church</subfield>
  </datafield>
  <datafield tag="982" ind1=" " ind2=" ">
    <subfield code="2">wccsh</subfield>
    <subfield code="a">Lubac, Henri de</subfield>
  </datafield>
  <datafield tag="982" ind1=" " ind2=" ">
    <subfield code="2">dew-gewcc</subfield>
    <subfield code="a">234 M792s</subfield>
  </datafield>
</record>