
<record>
  <leader>01127nam a2200301 a 4500</leader>
  <controlfield tag="001">REROILS:229</controlfield>
  <controlfield tag="005">20171125075300.0</controlfield>
  <controlfield tag="008">960525s1936    fr |||||| ||||00|| |fre d</controlfield>
  <datafield tag="035" ind1=" " ind2=" ">
    <subfield code="a">0145048</subfield>
  </datafield>
  <datafield tag="039" ind1=" " ind2="9">
    <subfield code="a">201711250753</subfield>
    <subfield code="b">VLOAD</subfield>
    <subfield code="c">201706101442</subfield>
    <subfield code="d">VLOAD</subfield>
    <subfield code="c">201703271702</subfield>
    <subfield code="d">VLOAD</subfield>
    <subfield code="c">201210171824</subfield>
    <subfield code="d">VLOAD</subfield>
    <subfield code="y">1999022713420000</subfield>
    <subfield code="z">load</subfield>
  </datafield>
  <datafield tag="040" ind1=" " ind2=" ">
    <subfield code="a">RERO</subfield>
  </datafield>
  <datafield tag="072" ind1=" " ind2="7">
    <subfield code="a">s1ht</subfield>
    <subfield code="2">rero</subfield>
  </datafield>
  <datafield tag="100" ind1="1" ind2=" ">
    <subfield code="0">(RERO)A003361480</subfield>
    <subfield code="a">Hellot, Frédéric Emile Amédée</subfield>
    <subfield code="4">cre</subfield>
  </datafield>
  <datafield tag="245" ind1="1" ind2="3">
    <subfield code="a">Le commandement des généraux Nivelle et Pétain :</subfield>
    <subfield code="b">1917 /</subfield>
    <subfield code="c">par le Général Hellot</subfield>
  </datafield>
  <datafield tag="264" ind1=" " ind2="1">
    <subfield code="a">Paris :</subfield>
    <subfield code="b">Payot,</subfield>
    <subfield code="c">1936</subfield>
  </datafield>
  <datafield tag="300" ind1=" " ind2=" ">
    <subfield code="a">316 p. :</subfield>
    <subfield code="b">fig. ;</subfield>
    <subfield code="c">23 cm</subfield>
  </datafield>
  <datafield tag="336" ind1=" " ind2=" ">
    <subfield code="b">txt</subfield>
    <subfield code="2">rdacontent</subfield>
  </datafield>
  <datafield tag="337" ind1=" " ind2=" ">
    <subfield code="b">n</subfield>
    <subfield code="2">rdamedia</subfield>
  </datafield>
  <datafield tag="338" ind1=" " ind2=" ">
    <subfield code="b">nc</subfield>
    <subfield code="2">rdacarrier</subfield>
  </datafield>
  <datafield tag="490" ind1="0" ind2=" ">
    <subfield code="a">Collection de mémoires, études et documents pour servir à l&apos;histoire de la Guerre mondiale</subfield>
  </datafield>
  <datafield tag="490" ind1="1" ind2=" ">
    <subfield code="a">Histoire de la Guerre mondiale</subfield>
    <subfield code="v">3</subfield>
  </datafield>
  <datafield tag="650" ind1=" " ind2="7">
    <subfield code="a">1917</subfield>
    <subfield code="2">rero</subfield>
  </datafield>
  <datafield tag="650" ind1=" " ind2="7">
    <subfield code="0">(RERO)A021004988</subfield>
    <subfield code="a">Guerre mondiale (1914-1918)</subfield>
    <subfield code="2">rero</subfield>
  </datafield>
  <datafield tag="830" ind1=" " ind2="0">
    <subfield code="a">Histoire de la Guerre mondiale : 1914-1918</subfield>
    <subfield code="v">3</subfield>
  </datafield>
  <datafield tag="904" ind1=" " ind2=" ">
    <subfield code="a">neubflbi</subfield>
    <subfield code="c">Fonds Bauer</subfield>
  </datafield>
  <datafield tag="919" ind1=" " ind2=" ">
    <subfield code="9">650 _7</subfield>
    <subfield code="a">guerre mondiale 1</subfield>
    <subfield code="y">1917</subfield>
    <subfield code="2">chrero</subfield>
  </datafield>
  <datafield tag="957" ind1=" " ind2=" ">
    <subfield code="a">gevbge</subfield>
  </datafield>
  <datafield tag="962" ind1=" " ind2=" ">
    <subfield code="a">neubfl</subfield>
  </datafield>
</record>