
<record>
  <leader>03147ngm a2200733 a 4500</leader>
  <controlfield tag="001">REROILS:230</controlfield>
  <controlfield tag="005">20181005125200.0</controlfield>
  <controlfield tag="007">v|</controlfield>
  <controlfield tag="008">000921s1998    fr ||| |  ||||  |  |fre d</controlfield>
  <datafield tag="019" ind1=" " ind2=" ">
    <subfield code="a">Catal. d&apos;après le conteneur</subfield>
    <subfield code="9">frbcuc/03.1999</subfield>
  </datafield>
  <datafield tag="028" ind1="5" ind2="2">
    <subfield code="a">761976</subfield>
  </datafield>
  <datafield tag="035" ind1=" " ind2=" ">
    <subfield code="a">R245534560</subfield>
  </datafield>
  <datafield tag="039" ind1=" " ind2=" ">
    <subfield code="b">0011</subfield>
  </datafield>
  <datafield tag="039" ind1=" " ind2="9">
    <subfield code="a">201810051252</subfield>
    <subfield code="b">VLOAD</subfield>
    <subfield code="c">201705180733</subfield>
    <subfield code="d">VLOAD</subfield>
    <subfield code="c">201704011350</subfield>
    <subfield code="d">VLOAD</subfield>
    <subfield code="c">201609131116</subfield>
    <subfield code="d">3544</subfield>
    <subfield code="y">200009211547</subfield>
    <subfield code="z">VLOAD</subfield>
  </datafield>
  <datafield tag="040" ind1=" " ind2=" ">
    <subfield code="a">RERO frbcuc</subfield>
  </datafield>
  <datafield tag="041" ind1="1" ind2=" ">
    <subfield code="a">fre</subfield>
    <subfield code="a">ara</subfield>
    <subfield code="a">eng</subfield>
    <subfield code="h">eng</subfield>
  </datafield>
  <datafield tag="072" ind1=" " ind2="7">
    <subfield code="a">s1ba</subfield>
    <subfield code="2">rero</subfield>
  </datafield>
  <datafield tag="072" ind1=" " ind2="7">
    <subfield code="a">s2fr</subfield>
    <subfield code="2">rero</subfield>
  </datafield>
  <datafield tag="245" ind1="0" ind2="0">
    <subfield code="a">Frankenstein /</subfield>
    <subfield code="c">un film de Kenneth Branagh ; d&apos;après Mary Shelley ; musique de Patrick Doyle ; scénario de Steph Lady et Frank Darabont ; prod. par Francis Ford Coppola, James V. Hart, John Veitch</subfield>
  </datafield>
  <datafield tag="246" ind1="3" ind2=" ">
    <subfield code="a">Mary Shelley&apos;s &quot;Frankenstein&quot;</subfield>
  </datafield>
  <datafield tag="264" ind1=" " ind2="1">
    <subfield code="a">[Boulogne-Billancourt] :</subfield>
    <subfield code="b">Columbia Tristar Home Video,</subfield>
    <subfield code="c">[1998]</subfield>
  </datafield>
  <datafield tag="264" ind1=" " ind2="4">
    <subfield code="c">© 1998</subfield>
  </datafield>
  <datafield tag="300" ind1=" " ind2=" ">
    <subfield code="a">1 DVD vidéo :</subfield>
    <subfield code="b">couleur PAL</subfield>
  </datafield>
  <datafield tag="336" ind1=" " ind2=" ">
    <subfield code="b">tdi</subfield>
    <subfield code="2">rdacontent</subfield>
  </datafield>
  <datafield tag="337" ind1=" " ind2=" ">
    <subfield code="b">v</subfield>
    <subfield code="2">rdamedia</subfield>
  </datafield>
  <datafield tag="338" ind1=" " ind2=" ">
    <subfield code="b">vd</subfield>
    <subfield code="2">rdacarrier</subfield>
  </datafield>
  <datafield tag="500" ind1=" " ind2=" ">
    <subfield code="a">Traduit de: Mary Shelley&apos;s &quot;Frankenstein&quot;</subfield>
  </datafield>
  <datafield tag="500" ind1=" " ind2=" ">
    <subfield code="a">Choix de langues en Dolby Digital 5.1: Français, anglais. Choix de sous-titres: Français, anglais, hollandais, arabe</subfield>
  </datafield>
  <datafield tag="500" ind1=" " ind2=" ">
    <subfield code="a">Format: écran 16:9, compatible 4:3 (Zone 2)</subfield>
  </datafield>
  <datafield tag="500" ind1=" " ind2=" ">
    <subfield code="a">Une prod.: Columbia Pictures, cop. 1995</subfield>
  </datafield>
  <datafield tag="500" ind1=" " ind2=" ">
    <subfield code="a">Durée du film: 119 min.</subfield>
  </datafield>
  <datafield tag="500" ind1=" " ind2=" ">
    <subfield code="a">Comporte également: Menus interactifs, bande-annonce, chapitrage</subfield>
  </datafield>
  <datafield tag="500" ind1=" " ind2=" ">
    <subfield code="a">Données vidéo</subfield>
  </datafield>
  <datafield tag="508" ind1=" " ind2=" ">
    <subfield code="a">Costume James Acheson ; co-prod. Kenneth Branagh, David Parfitt ; prod. exécutif Fred Fuchs</subfield>
  </datafield>
  <datafield tag="511" ind1="0" ind2=" ">
    <subfield code="a">Robert de Niro ; Kenneth Branagh ; Tom Hulce ... et al</subfield>
  </datafield>
  <datafield tag="520" ind1="8" ind2=" ">
    <subfield code="a">Synopsis : Le jeune savant Victor Frankenstein est persuadé que la science peut venir à bout de tout et même créer la vie. Il s&apos;attèle à cette tache avec ardeur et crée à partir de morceaux de cadavres un être humain qui sera acculé par sa différence à la méchanceté</subfield>
    <subfield code="9">vsbcvs/07.2014</subfield>
  </datafield>
  <datafield tag="520" ind1="8" ind2=" ">
    <subfield code="a">Epouvante</subfield>
    <subfield code="9">vsbcvs/12.2015</subfield>
  </datafield>
  <datafield tag="520" ind1="8" ind2=" ">
    <subfield code="a">Fantastique</subfield>
    <subfield code="9">necfbv/09.2016</subfield>
  </datafield>
  <datafield tag="521" ind1=" " ind2=" ">
    <subfield code="a">Dès 16 ans</subfield>
    <subfield code="9">vsbcvs/11.2015</subfield>
  </datafield>
  <datafield tag="700" ind1="1" ind2=" ">
    <subfield code="0">(RERO)A013969320</subfield>
    <subfield code="a">Branagh, Kenneth</subfield>
  </datafield>
  <datafield tag="700" ind1="1" ind2=" ">
    <subfield code="0">(RERO)A012322620</subfield>
    <subfield code="a">Doyle, Patrick,</subfield>
    <subfield code="c">compositeur</subfield>
  </datafield>
  <datafield tag="700" ind1="1" ind2=" ">
    <subfield code="0">(RERO)A003488438</subfield>
    <subfield code="a">Lady, Steph</subfield>
  </datafield>
  <datafield tag="700" ind1="1" ind2=" ">
    <subfield code="0">(RERO)A003134388</subfield>
    <subfield code="a">Coppola, Francis Ford</subfield>
  </datafield>
  <datafield tag="700" ind1="1" ind2="2">
    <subfield code="0">(RERO)A000148974</subfield>
    <subfield code="a">Shelley, Mary Wollstonecraft Godwin,</subfield>
    <subfield code="d">1797-1851. -</subfield>
    <subfield code="t">Frankenstein</subfield>
    <subfield code="h">[Enregistrement vidéo]</subfield>
  </datafield>
  <datafield tag="904" ind1=" " ind2=" ">
    <subfield code="a">necfbvna</subfield>
    <subfield code="b">0803</subfield>
    <subfield code="c">115</subfield>
  </datafield>
  <datafield tag="904" ind1=" " ind2=" ">
    <subfield code="a">julcpna</subfield>
    <subfield code="b">2004/09</subfield>
  </datafield>
  <datafield tag="904" ind1=" " ind2=" ">
    <subfield code="a">nefian</subfield>
  </datafield>
  <datafield tag="906" ind1=" " ind2=" ">
    <subfield code="a">vsdvd</subfield>
  </datafield>
  <datafield tag="919" ind1=" " ind2=" ">
    <subfield code="a">EPOUVANTE</subfield>
    <subfield code="x">Film de fiction</subfield>
    <subfield code="2">choix</subfield>
  </datafield>
  <datafield tag="956" ind1=" " ind2=" ">
    <subfield code="a">frbcuc</subfield>
  </datafield>
  <datafield tag="957" ind1=" " ind2=" ">
    <subfield code="a">geumem</subfield>
  </datafield>
  <datafield tag="960" ind1=" " ind2=" ">
    <subfield code="a">julcp-</subfield>
  </datafield>
  <datafield tag="962" ind1=" " ind2=" ">
    <subfield code="a">necfbv</subfield>
  </datafield>
  <datafield tag="973" ind1=" " ind2=" ">
    <subfield code="a">vsbcvs</subfield>
  </datafield>
  <datafield tag="981" ind1=" " ind2=" ">
    <subfield code="0">(RERO)0A000225881</subfield>
    <subfield code="2">CDU</subfield>
    <subfield code="a">791.44.071BRAN7Fra</subfield>
  </datafield>
  <datafield tag="982" ind1=" " ind2=" ">
    <subfield code="2">dew-meum</subfield>
    <subfield code="a">791.43 BRAN/2</subfield>
  </datafield>
  <datafield tag="982" ind1=" " ind2=" ">
    <subfield code="2">meum</subfield>
    <subfield code="a">beaux-arts, cinéma</subfield>
  </datafield>
  <datafield tag="982" ind1=" " ind2=" ">
    <subfield code="2">meum</subfield>
    <subfield code="a">langue et littérature anglaises et américaines</subfield>
  </datafield>
  <datafield tag="984" ind1=" " ind2=" ">
    <subfield code="2">jumat</subfield>
    <subfield code="a">DVD-fiction</subfield>
  </datafield>
  <datafield tag="984" ind1=" " ind2=" ">
    <subfield code="2">jumat</subfield>
    <subfield code="a">anglais-enseignement</subfield>
  </datafield>
  <datafield tag="984" ind1=" " ind2=" ">
    <subfield code="2">cdu-julcp-</subfield>
    <subfield code="a">778</subfield>
  </datafield>
  <datafield tag="984" ind1=" " ind2=" ">
    <subfield code="2">jumat</subfield>
    <subfield code="a">lcpenglish st</subfield>
  </datafield>
  <datafield tag="986" ind1=" " ind2=" ">
    <subfield code="2">vs-pratdvd</subfield>
    <subfield code="a">FRAN</subfield>
  </datafield>
  <datafield tag="994" ind1=" " ind2=" ">
    <subfield code="a">CFV DVD FRAN</subfield>
    <subfield code="x">--</subfield>
  </datafield>
</record>