
<record>
  <leader>01451cjm a2200313 a 4500</leader>
  <controlfield tag="001">REROILS:231</controlfield>
  <controlfield tag="005">20170516132200.0</controlfield>
  <controlfield tag="007">s|</controlfield>
  <controlfield tag="008">860428s1982    xx |||||| ||||  |  |ger d</controlfield>
  <datafield tag="028" ind1="0" ind2="2">
    <subfield code="a">Philips 411 441-2</subfield>
  </datafield>
  <datafield tag="035" ind1=" " ind2=" ">
    <subfield code="a">0705609</subfield>
  </datafield>
  <datafield tag="039" ind1=" " ind2="9">
    <subfield code="a">201705161322</subfield>
    <subfield code="b">VLOAD</subfield>
    <subfield code="c">201704011136</subfield>
    <subfield code="d">VLOAD</subfield>
    <subfield code="c">201503130950</subfield>
    <subfield code="d">8206</subfield>
    <subfield code="c">200812230631</subfield>
    <subfield code="d">VLOAD</subfield>
    <subfield code="y">1999022802270000</subfield>
    <subfield code="z">load</subfield>
  </datafield>
  <datafield tag="040" ind1=" " ind2=" ">
    <subfield code="a">RERO labcur</subfield>
  </datafield>
  <datafield tag="072" ind1=" " ind2="7">
    <subfield code="a">s1mu</subfield>
    <subfield code="2">rero</subfield>
  </datafield>
  <datafield tag="100" ind1="1" ind2=" ">
    <subfield code="0">(RERO)A000078978</subfield>
    <subfield code="a">Haydn, Joseph,</subfield>
    <subfield code="d">1732-1809</subfield>
    <subfield code="4">cre</subfield>
  </datafield>
  <datafield tag="245" ind1="1" ind2="0">
    <subfield code="a">Symphony in D, H.1 no 6 :</subfield>
    <subfield code="b">&quot;Le matin&quot; ; Symphony in C, H.1 no 7 : &quot;Le midi&quot; ; Symphony in G, H.1 no 8 : &quot;Le soir&quot; /</subfield>
    <subfield code="c">Joseph Haydn</subfield>
  </datafield>
  <datafield tag="264" ind1=" " ind2="1">
    <subfield code="a">[Lieu de publication non identifié] :</subfield>
    <subfield code="b">Philips,</subfield>
    <subfield code="c">P 1982</subfield>
  </datafield>
  <datafield tag="300" ind1=" " ind2=" ">
    <subfield code="a">1 DISQUE COMPACT :</subfield>
    <subfield code="b">stéréo</subfield>
  </datafield>
  <datafield tag="336" ind1=" " ind2=" ">
    <subfield code="b">prm</subfield>
    <subfield code="2">rdacontent</subfield>
  </datafield>
  <datafield tag="337" ind1=" " ind2=" ">
    <subfield code="b">s</subfield>
    <subfield code="2">rdamedia</subfield>
  </datafield>
  <datafield tag="338" ind1=" " ind2=" ">
    <subfield code="b">sd</subfield>
    <subfield code="2">rdacarrier</subfield>
  </datafield>
  <datafield tag="511" ind1="0" ind2=" ">
    <subfield code="a">Interpr.: Academy of St. Martin-in-the-Fields ; Neville Marriner (dir.)</subfield>
  </datafield>
  <datafield tag="700" ind1="1" ind2=" ">
    <subfield code="0">(RERO)A003564284</subfield>
    <subfield code="a">Marriner, Neville,</subfield>
    <subfield code="d">1924-2016</subfield>
  </datafield>
  <datafield tag="700" ind1="1" ind2="2">
    <subfield code="a">Haydn, Joseph,</subfield>
    <subfield code="d">1732-1809. -</subfield>
    <subfield code="t">Symphonies.</subfield>
    <subfield code="m">Orchestre.</subfield>
    <subfield code="r">Hob. 1:7, do majeur</subfield>
    <subfield code="h">[Enregistrement sonore]</subfield>
  </datafield>
  <datafield tag="700" ind1="1" ind2="2">
    <subfield code="a">Haydn, Joseph,</subfield>
    <subfield code="d">1732-1809. -</subfield>
    <subfield code="t">Symphonies.</subfield>
    <subfield code="m">Orchestre.</subfield>
    <subfield code="r">Hob. 1:8, sol majeur</subfield>
    <subfield code="h">[Enregistrement sonore]</subfield>
  </datafield>
  <datafield tag="700" ind1="1" ind2="2">
    <subfield code="a">Haydn, Joseph,</subfield>
    <subfield code="d">1732-1809. -</subfield>
    <subfield code="t">Symphonies.</subfield>
    <subfield code="m">Orchestre.</subfield>
    <subfield code="r">Hob. 1:6, ré majeur</subfield>
    <subfield code="h">[Enregistrement sonore]</subfield>
  </datafield>
  <datafield tag="710" ind1="2" ind2=" ">
    <subfield code="0">(RERO)A000003151</subfield>
    <subfield code="a">Academy of St. Martin-in-the-Fields (London)</subfield>
  </datafield>
  <datafield tag="962" ind1=" " ind2=" ">
    <subfield code="a">nencm-</subfield>
  </datafield>
  <datafield tag="984" ind1=" " ind2=" ">
    <subfield code="2">cdu-nencm</subfield>
    <subfield code="a">(08)HAY785.11Sym6</subfield>
  </datafield>
</record>