
<record>
  <leader>00613nas a2200193 a 4500</leader>
  <controlfield tag="001">REROILS:232</controlfield>
  <controlfield tag="005">20190705133100.0</controlfield>
  <controlfield tag="008">881006c19759999xxu|||m|| ||||0 || 0eng d</controlfield>
  <datafield tag="035" ind1=" " ind2=" ">
    <subfield code="a">1026243</subfield>
  </datafield>
  <datafield tag="039" ind1=" " ind2="9">
    <subfield code="a">201907051331</subfield>
    <subfield code="b">VLOAD</subfield>
    <subfield code="c">201705170925</subfield>
    <subfield code="d">VLOAD</subfield>
    <subfield code="c">200605291304</subfield>
    <subfield code="d">VLOAD</subfield>
    <subfield code="y">1999022809560000</subfield>
    <subfield code="z">load</subfield>
  </datafield>
  <datafield tag="040" ind1=" " ind2=" ">
    <subfield code="a">RERO labcud</subfield>
  </datafield>
  <datafield tag="072" ind1=" " ind2="7">
    <subfield code="a">s1th</subfield>
    <subfield code="2">rero</subfield>
  </datafield>
  <datafield tag="245" ind1="0" ind2="0">
    <subfield code="a">Bibliotheca Maimonidica :</subfield>
    <subfield code="b">texts, studies and translations in Maimonidean thought and scholarship</subfield>
  </datafield>
  <datafield tag="264" ind1=" " ind2="1">
    <subfield code="a">New York :</subfield>
    <subfield code="b">Ktav Publ.,</subfield>
    <subfield code="c">1975-&gt;</subfield>
  </datafield>
  <datafield tag="300" ind1=" " ind2=" ">
    <subfield code="c">24 cm</subfield>
  </datafield>
  <datafield tag="336" ind1=" " ind2=" ">
    <subfield code="b">txt</subfield>
    <subfield code="2">rdacontent</subfield>
  </datafield>
  <datafield tag="337" ind1=" " ind2=" ">
    <subfield code="b">n</subfield>
    <subfield code="2">rdamedia</subfield>
  </datafield>
  <datafield tag="338" ind1=" " ind2=" ">
    <subfield code="b">nc</subfield>
    <subfield code="2">rdacarrier</subfield>
  </datafield>
  <datafield tag="362" ind1="0" ind2=" ">
    <subfield code="a">Vol. 1-&gt;</subfield>
  </datafield>
</record>