
<record>
  <leader>01205nas a2200313 a 4500</leader>
  <controlfield tag="001">REROILS:236</controlfield>
  <controlfield tag="005">20190705135900.0</controlfield>
  <controlfield tag="008">910521c19649999sp |||p|| ||||0 || 0spa d</controlfield>
  <datafield tag="035" ind1=" " ind2=" ">
    <subfield code="a">1379052</subfield>
  </datafield>
  <datafield tag="039" ind1=" " ind2="9">
    <subfield code="a">201907051359</subfield>
    <subfield code="b">VLOAD</subfield>
    <subfield code="c">201811161935</subfield>
    <subfield code="d">VLOAD</subfield>
    <subfield code="c">201706101755</subfield>
    <subfield code="d">VLOAD</subfield>
    <subfield code="c">200812220215</subfield>
    <subfield code="d">VLOAD</subfield>
    <subfield code="y">1999022818120000</subfield>
    <subfield code="z">load</subfield>
  </datafield>
  <datafield tag="040" ind1=" " ind2=" ">
    <subfield code="a">RERO gevcjb</subfield>
  </datafield>
  <datafield tag="072" ind1=" " ind2="7">
    <subfield code="a">s1bo</subfield>
    <subfield code="2">rero</subfield>
  </datafield>
  <datafield tag="210" ind1="1" ind2="0">
    <subfield code="a">Trab. Estac. Agric. Exp. León.</subfield>
  </datafield>
  <datafield tag="245" ind1="0" ind2="0">
    <subfield code="a">Trabajos de la Estación Agrícola Experimental de León, Consejo Superior de Investigaciones Científicas, Diputación Provincial de León</subfield>
  </datafield>
  <datafield tag="264" ind1=" " ind2="1">
    <subfield code="a">León :</subfield>
    <subfield code="b">Estación Agrícola Experimental,</subfield>
    <subfield code="c">1964-&gt;</subfield>
  </datafield>
  <datafield tag="300" ind1=" " ind2=" ">
    <subfield code="c">25 cm</subfield>
  </datafield>
  <datafield tag="310" ind1=" " ind2=" ">
    <subfield code="a">Annuel</subfield>
  </datafield>
  <datafield tag="336" ind1=" " ind2=" ">
    <subfield code="b">txt</subfield>
    <subfield code="2">rdacontent</subfield>
  </datafield>
  <datafield tag="337" ind1=" " ind2=" ">
    <subfield code="b">n</subfield>
    <subfield code="2">rdamedia</subfield>
  </datafield>
  <datafield tag="338" ind1=" " ind2=" ">
    <subfield code="b">nc</subfield>
    <subfield code="2">rdacarrier</subfield>
  </datafield>
  <datafield tag="362" ind1="0" ind2=" ">
    <subfield code="a">Vol. 1(1964)-&gt;</subfield>
  </datafield>
  <datafield tag="650" ind1=" " ind2="7">
    <subfield code="0">(RERO)A021059962</subfield>
    <subfield code="a">Agronomie</subfield>
    <subfield code="2">rero</subfield>
  </datafield>
  <datafield tag="650" ind1=" " ind2="7">
    <subfield code="0">(RERO)A010138852</subfield>
    <subfield code="a">recherche expérimentale</subfield>
    <subfield code="2">rerovoc</subfield>
  </datafield>
  <datafield tag="655" ind1=" " ind2="7">
    <subfield code="0">(RERO)A021002597</subfield>
    <subfield code="a">[Périodiques]</subfield>
    <subfield code="2">rero</subfield>
  </datafield>
  <datafield tag="710" ind1="2" ind2=" ">
    <subfield code="0">(RERO)A000058413</subfield>
    <subfield code="a">Estación Agrícola Experimental (León)</subfield>
  </datafield>
  <datafield tag="919" ind1=" " ind2=" ">
    <subfield code="9">650 _7</subfield>
    <subfield code="a">agronomie</subfield>
    <subfield code="x">recherche expérimentale</subfield>
    <subfield code="v">[périodique]</subfield>
    <subfield code="2">chrero</subfield>
  </datafield>
  <datafield tag="957" ind1=" " ind2=" ">
    <subfield code="a">gevcjb</subfield>
  </datafield>
  <datafield tag="982" ind1=" " ind2=" ">
    <subfield code="2">cdu-gevcjb</subfield>
    <subfield code="a">P(46)100</subfield>
  </datafield>
  <datafield tag="992" ind1=" " ind2=" ">
    <subfield code="a">BOTP 1745</subfield>
    <subfield code="x">ge/vcjb/e/1986</subfield>
  </datafield>
</record>