
<record>
  <leader>01133nam a2200289 a 4500</leader>
  <controlfield tag="001">REROILS:237</controlfield>
  <controlfield tag="005">20180823100300.0</controlfield>
  <controlfield tag="008">931020s1979    gw |||||| ||||00|| |ger d</controlfield>
  <datafield tag="035" ind1=" " ind2=" ">
    <subfield code="a">1756273</subfield>
  </datafield>
  <datafield tag="039" ind1=" " ind2="9">
    <subfield code="a">201808231003</subfield>
    <subfield code="b">AUTHORITY</subfield>
    <subfield code="c">201808070935</subfield>
    <subfield code="d">AUTHORITY</subfield>
    <subfield code="c">201705171448</subfield>
    <subfield code="d">VLOAD</subfield>
    <subfield code="c">200812211821</subfield>
    <subfield code="d">VLOAD</subfield>
    <subfield code="y">1999030103050000</subfield>
    <subfield code="z">load</subfield>
  </datafield>
  <datafield tag="040" ind1=" " ind2=" ">
    <subfield code="a">RERO nebpun</subfield>
  </datafield>
  <datafield tag="041" ind1="1" ind2=" ">
    <subfield code="a">ger</subfield>
    <subfield code="h">fre</subfield>
  </datafield>
  <datafield tag="072" ind1=" " ind2="7">
    <subfield code="a">s1ht</subfield>
    <subfield code="2">rero</subfield>
  </datafield>
  <datafield tag="072" ind1=" " ind2="7">
    <subfield code="a">s2ba</subfield>
    <subfield code="2">rero</subfield>
  </datafield>
  <datafield tag="100" ind1="1" ind2=" ">
    <subfield code="0">(RERO)A003156436</subfield>
    <subfield code="a">Daumier, Honoré</subfield>
    <subfield code="4">cre</subfield>
  </datafield>
  <datafield tag="245" ind1="1" ind2="0">
    <subfield code="a">Caricaturiana /</subfield>
    <subfield code="c">Honoré Daumier ; Bilddialoge von Charles Philipon ; übertr. von Christian M. Nebehay ; mit einem Anhang von Margot Berthold und Thomas W. Gaehtgens</subfield>
  </datafield>
  <datafield tag="264" ind1=" " ind2="1">
    <subfield code="a">Dortmund :</subfield>
    <subfield code="b">Harenberg Kommunikation,</subfield>
    <subfield code="c">1979</subfield>
  </datafield>
  <datafield tag="300" ind1=" " ind2=" ">
    <subfield code="a">220 p. :</subfield>
    <subfield code="b">en maj. partie des ill. ;</subfield>
    <subfield code="c">18 cm</subfield>
  </datafield>
  <datafield tag="336" ind1=" " ind2=" ">
    <subfield code="b">txt</subfield>
    <subfield code="2">rdacontent</subfield>
  </datafield>
  <datafield tag="337" ind1=" " ind2=" ">
    <subfield code="b">n</subfield>
    <subfield code="2">rdamedia</subfield>
  </datafield>
  <datafield tag="338" ind1=" " ind2=" ">
    <subfield code="b">nc</subfield>
    <subfield code="2">rdacarrier</subfield>
  </datafield>
  <datafield tag="490" ind1="1" ind2=" ">
    <subfield code="a">Die bibliophilen Taschenbücher</subfield>
  </datafield>
  <datafield tag="700" ind1="1" ind2=" ">
    <subfield code="0">(RERO)A003633163</subfield>
    <subfield code="a">Nebehay, Christian Michael</subfield>
  </datafield>
  <datafield tag="700" ind1="1" ind2=" ">
    <subfield code="0">(RERO)A003690305</subfield>
    <subfield code="a">Philipon, Charles,</subfield>
    <subfield code="d">1800-1862</subfield>
  </datafield>
  <datafield tag="830" ind1=" " ind2="4">
    <subfield code="a">Die bibliophilen Taschenbücher</subfield>
  </datafield>
  <datafield tag="962" ind1=" " ind2=" ">
    <subfield code="a">nebpun</subfield>
  </datafield>
  <datafield tag="994" ind1=" " ind2=" ">
    <subfield code="a">NP F 8063</subfield>
    <subfield code="x">ne/bpun/a/1980/2917</subfield>
  </datafield>
</record>