
<record>
  <leader>00836cam a22002172a 4500</leader>
  <controlfield tag="001">REROILS:239</controlfield>
  <controlfield tag="005">20170520094400.0</controlfield>
  <controlfield tag="006">m    |</controlfield>
  <controlfield tag="008">150311s1839    it ||| |  ||||00|  |und d</controlfield>
  <datafield tag="024" ind1="2" ind2=" ">
    <subfield code="a">urn:nbn:de:bvb:12-bsb10248057-2</subfield>
    <subfield code="2">urn</subfield>
  </datafield>
  <datafield tag="035" ind1=" " ind2=" ">
    <subfield code="a">R008092462</subfield>
  </datafield>
  <datafield tag="039" ind1=" " ind2="9">
    <subfield code="a">201705200944</subfield>
    <subfield code="b">VLOAD</subfield>
    <subfield code="c">201507091431</subfield>
    <subfield code="d">VLOAD</subfield>
    <subfield code="y">201503111430</subfield>
    <subfield code="z">6094</subfield>
  </datafield>
  <datafield tag="040" ind1=" " ind2=" ">
    <subfield code="a">GEBAY</subfield>
    <subfield code="d">DEBBG</subfield>
    <subfield code="d">OCLCQ</subfield>
    <subfield code="d">RERO gevbge</subfield>
  </datafield>
  <datafield tag="072" ind1=" " ind2="7">
    <subfield code="a">s1zz</subfield>
    <subfield code="2">rero</subfield>
  </datafield>
  <datafield tag="100" ind1="1" ind2=" ">
    <subfield code="0">(RERO)A025133458</subfield>
    <subfield code="a">Borgialli, Michele</subfield>
    <subfield code="4">cre</subfield>
  </datafield>
  <datafield tag="245" ind1="1" ind2="0">
    <subfield code="a">Sulle emorragie interne dell&apos;utero indipendenti dalla gravidanza cenno teorico-pratico /</subfield>
    <subfield code="c">di Michele Borgialli</subfield>
  </datafield>
  <datafield tag="264" ind1=" " ind2="1">
    <subfield code="a">Torino :</subfield>
    <subfield code="b">tipogr. Cassone,</subfield>
    <subfield code="c">1839</subfield>
  </datafield>
  <datafield tag="300" ind1=" " ind2=" ">
    <subfield code="a">30 p. ;</subfield>
    <subfield code="c">in-8°</subfield>
  </datafield>
  <datafield tag="856" ind1="4" ind2="1">
    <subfield code="u">http://www.mdz-nbn-resolving.de/urn/resolver.pl?urn=urn:nbn:de:bvb:12-bsb10248057-2</subfield>
    <subfield code="z">kostenfrei</subfield>
  </datafield>
  <datafield tag="900" ind1=" " ind2="1">
    <subfield code="a">OCoLC</subfield>
    <subfield code="b">20150311</subfield>
    <subfield code="c">Droits réservés</subfield>
  </datafield>
  <datafield tag="957" ind1=" " ind2=" ">
    <subfield code="a">gevbge</subfield>
  </datafield>
</record>